ts,market_id,mid,regime,inv,bid,ask
1769837460.479,0x79e0d0ef5c1f118cc24db129ae4db36fd244b531bb9553c62b6db5c97981a691,?,NEUT,0.00,,
1769837462.478,0x79e0d0ef5c1f118cc24db129ae4db36fd244b531bb9553c62b6db5c97981a691,?,NEUT,0.00,,
1769837464.478,0x79e0d0ef5c1f118cc24db129ae4db36fd244b531bb9553c62b6db5c97981a691,0.500,NEUT,0.00,0.1999995,0.7999995
1769837466.482,0x79e0d0ef5c1f118cc24db129ae4db36fd244b531bb9553c62b6db5c97981a691,0.500,NEUT,0.00,0.1999995,0.7999995
1769837468.484,0x79e0d0ef5c1f118cc24db129ae4db36fd244b531bb9553c62b6db5c97981a691,0.500,NEUT,0.00,0.1999995,0.7999995
1769837470.485,0x79e0d0ef5c1f118cc24db129ae4db36fd244b531bb9553c62b6db5c97981a691,0.500,NEUT,0.00,0.1999995,0.7999995
1769837472.486,0x79e0d0ef5c1f118cc24db129ae4db36fd244b531bb9553c62b6db5c97981a691,0.500,NEUT,0.00,0.1999995,0.7999995
1769837474.488,0x79e0d0ef5c1f118cc24db129ae4db36fd244b531bb9553c62b6db5c97981a691,0.500,NEUT,0.00,0.1999995,0.7999995
1769837476.489,0x79e0d0ef5c1f118cc24db129ae4db36fd244b531bb9553c62b6db5c97981a691,0.500,NEUT,0.00,0.1999995,0.7999995
1769837478.493,0x79e0d0ef5c1f118cc24db129ae4db36fd244b531bb9553c62b6db5c97981a691,0.500,NEUT,0.00,0.1999995,0.7999995
1769837480.493,0x79e0d0ef5c1f118cc24db129ae4db36fd244b531bb9553c62b6db5c97981a691,0.500,NEUT,0.00,0.1999995,0.7999995
1769837482.497,0x79e0d0ef5c1f118cc24db129ae4db36fd244b531bb9553c62b6db5c97981a691,0.500,BEAR,0.00,0.1999995,0.7999995
1769837484.498,0x79e0d0ef5c1f118cc24db129ae4db36fd244b531bb9553c62b6db5c97981a691,0.500,NEUT,0.00,0.1499995,0.7499994999999999
1769837486.497,0x79e0d0ef5c1f118cc24db129ae4db36fd244b531bb9553c62b6db5c97981a691,0.500,NEUT,0.00,0.1999995,0.7999995
1769837488.500,0x79e0d0ef5c1f118cc24db129ae4db36fd244b531bb9553c62b6db5c97981a691,0.500,NEUT,0.00,0.1999995,0.7999995
1769837490.501,0x79e0d0ef5c1f118cc24db129ae4db36fd244b531bb9553c62b6db5c97981a691,0.500,NEUT,0.00,0.1999995,0.7999995
1769837492.501,0x79e0d0ef5c1f118cc24db129ae4db36fd244b531bb9553c62b6db5c97981a691,0.500,NEUT,0.00,0.1999995,0.7999995
1769837494.501,0x79e0d0ef5c1f118cc24db129ae4db36fd244b531bb9553c62b6db5c97981a691,0.500,NEUT,0.00,0.1999995,0.7999995
1769837496.505,0x79e0d0ef5c1f118cc24db129ae4db36fd244b531bb9553c62b6db5c97981a691,0.500,NEUT,0.00,0.1999995,0.7999995
1769837498.506,0x79e0d0ef5c1f118cc24db129ae4db36fd244b531bb9553c62b6db5c97981a691,0.500,NEUT,0.00,0.1999995,0.7999995
1769837500.510,0x79e0d0ef5c1f118cc24db129ae4db36fd244b531bb9553c62b6db5c97981a691,0.500,BULL,0.00,0.1999995,0.7999995
1769837502.515,0x79e0d0ef5c1f118cc24db129ae4db36fd244b531bb9553c62b6db5c97981a691,0.500,BEAR,0.00,0.24999949999999999,0.8499995
1769837504.551,0x79e0d0ef5c1f118cc24db129ae4db36fd244b531bb9553c62b6db5c97981a691,0.500,NEUT,0.00,0.1499995,0.7499994999999999
1769837506.700,0x79e0d0ef5c1f118cc24db129ae4db36fd244b531bb9553c62b6db5c97981a691,0.500,NEUT,0.00,0.1999995,0.7999995
1769837508.805,0x79e0d0ef5c1f118cc24db129ae4db36fd244b531bb9553c62b6db5c97981a691,0.500,BULL,0.00,0.1999995,0.7999995
1769837510.819,0x79e0d0ef5c1f118cc24db129ae4db36fd244b531bb9553c62b6db5c97981a691,0.500,NEUT,0.00,0.24999949999999999,0.8499995
1769837512.659,0x79e0d0ef5c1f118cc24db129ae4db36fd244b531bb9553c62b6db5c97981a691,0.500,NEUT,0.00,0.1999995,0.7999995
1769837514.662,0x79e0d0ef5c1f118cc24db129ae4db36fd244b531bb9553c62b6db5c97981a691,0.500,NEUT,0.00,0.1999995,0.7999995
1769837516.663,0x79e0d0ef5c1f118cc24db129ae4db36fd244b531bb9553c62b6db5c97981a691,0.500,NEUT,0.00,0.1999995,0.7999995
1769837518.664,0x79e0d0ef5c1f118cc24db129ae4db36fd244b531bb9553c62b6db5c97981a691,0.500,NEUT,0.00,0.1999995,0.7999995
1769837520.664,0x79e0d0ef5c1f118cc24db129ae4db36fd244b531bb9553c62b6db5c97981a691,0.500,NEUT,0.00,0.1999995,0.7999995
1769837522.797,0x79e0d0ef5c1f118cc24db129ae4db36fd244b531bb9553c62b6db5c97981a691,0.500,NEUT,0.00,0.1999995,0.7999995
1769837524.667,0x79e0d0ef5c1f118cc24db129ae4db36fd244b531bb9553c62b6db5c97981a691,0.500,NEUT,0.00,0.1999995,0.7999995
1769837526.669,0x79e0d0ef5c1f118cc24db129ae4db36fd244b531bb9553c62b6db5c97981a691,0.500,NEUT,0.00,0.1999995,0.7999995
1769837528.671,0x79e0d0ef5c1f118cc24db129ae4db36fd244b531bb9553c62b6db5c97981a691,0.500,NEUT,0.00,0.1999995,0.7999995
1769837530.674,0x79e0d0ef5c1f118cc24db129ae4db36fd244b531bb9553c62b6db5c97981a691,0.500,NEUT,0.00,0.1999995,0.7999995
1769837532.675,0x79e0d0ef5c1f118cc24db129ae4db36fd244b531bb9553c62b6db5c97981a691,0.500,NEUT,0.00,0.1999995,0.7999995
1769837534.679,0x79e0d0ef5c1f118cc24db129ae4db36fd244b531bb9553c62b6db5c97981a691,0.500,NEUT,0.00,0.1999995,0.7999995
1769837536.684,0x79e0d0ef5c1f118cc24db129ae4db36fd244b531bb9553c62b6db5c97981a691,0.500,NEUT,0.00,0.1999995,0.7999995
1769837538.685,0x79e0d0ef5c1f118cc24db129ae4db36fd244b531bb9553c62b6db5c97981a691,0.500,NEUT,0.00,0.1999995,0.7999995
1769837540.683,0x79e0d0ef5c1f118cc24db129ae4db36fd244b531bb9553c62b6db5c97981a691,0.500,NEUT,0.00,0.1999995,0.7999995
1769837542.685,0x79e0d0ef5c1f118cc24db129ae4db36fd244b531bb9553c62b6db5c97981a691,0.500,BULL,0.00,0.19999950000000005,0.7999995
1769837544.688,0x79e0d0ef5c1f118cc24db129ae4db36fd244b531bb9553c62b6db5c97981a691,0.500,BULL,0.00,0.24999950000000004,0.8499995
1769837546.688,0x79e0d0ef5c1f118cc24db129ae4db36fd244b531bb9553c62b6db5c97981a691,0.500,NEUT,0.00,0.24999950000000004,0.8499995
1769837548.690,0x79e0d0ef5c1f118cc24db129ae4db36fd244b531bb9553c62b6db5c97981a691,0.500,NEUT,0.00,0.19999950000000005,0.7999995
1769837550.693,0x79e0d0ef5c1f118cc24db129ae4db36fd244b531bb9553c62b6db5c97981a691,0.500,NEUT,0.00,0.19999950000000005,0.7999995
1769837552.693,0x79e0d0ef5c1f118cc24db129ae4db36fd244b531bb9553c62b6db5c97981a691,0.500,NEUT,0.00,0.19999950000000005,0.7999995
1769837554.695,0x79e0d0ef5c1f118cc24db129ae4db36fd244b531bb9553c62b6db5c97981a691,0.500,NEUT,0.00,0.19999950000000005,0.7999995
1769837556.699,0x79e0d0ef5c1f118cc24db129ae4db36fd244b531bb9553c62b6db5c97981a691,0.500,NEUT,0.00,0.19999950000000005,0.7999995
1769837558.699,0x79e0d0ef5c1f118cc24db129ae4db36fd244b531bb9553c62b6db5c97981a691,0.500,NEUT,0.00,0.19999950000000005,0.7999995
1769837560.701,0x79e0d0ef5c1f118cc24db129ae4db36fd244b531bb9553c62b6db5c97981a691,0.500,NEUT,0.00,0.19999950000000005,0.7999995
1769837562.702,0x79e0d0ef5c1f118cc24db129ae4db36fd244b531bb9553c62b6db5c97981a691,0.500,NEUT,0.00,0.19999950000000005,0.7999995
1769837564.704,0x79e0d0ef5c1f118cc24db129ae4db36fd244b531bb9553c62b6db5c97981a691,0.500,NEUT,0.00,0.19999950000000005,0.7999995
1769837566.708,0x79e0d0ef5c1f118cc24db129ae4db36fd244b531bb9553c62b6db5c97981a691,0.500,NEUT,0.00,0.19999950000000005,0.7999995
1769837568.709,0x79e0d0ef5c1f118cc24db129ae4db36fd244b531bb9553c62b6db5c97981a691,0.500,NEUT,0.00,0.19999950000000005,0.7999995
1769837570.709,0x79e0d0ef5c1f118cc24db129ae4db36fd244b531bb9553c62b6db5c97981a691,0.500,NEUT,0.00,0.19999950000000005,0.7999995
1769837572.712,0x79e0d0ef5c1f118cc24db129ae4db36fd244b531bb9553c62b6db5c97981a691,0.500,NEUT,0.00,0.19999950000000005,0.7999995
1769837574.713,0x79e0d0ef5c1f118cc24db129ae4db36fd244b531bb9553c62b6db5c97981a691,0.500,NEUT,0.00,0.19999950000000005,0.7999995
1769837576.715,0x79e0d0ef5c1f118cc24db129ae4db36fd244b531bb9553c62b6db5c97981a691,0.500,NEUT,0.00,0.19999950000000005,0.7999995
1769837578.719,0x79e0d0ef5c1f118cc24db129ae4db36fd244b531bb9553c62b6db5c97981a691,0.500,NEUT,0.00,0.19999950000000005,0.7999995
1769837580.763,0x79e0d0ef5c1f118cc24db129ae4db36fd244b531bb9553c62b6db5c97981a691,0.500,NEUT,0.00,0.19999950000000005,0.7999995
1769837582.724,0x79e0d0ef5c1f118cc24db129ae4db36fd244b531bb9553c62b6db5c97981a691,0.500,NEUT,0.00,0.19999950000000005,0.7999995
1769837584.724,0x79e0d0ef5c1f118cc24db129ae4db36fd244b531bb9553c62b6db5c97981a691,0.500,NEUT,0.00,0.19999950000000005,0.7999995
1769837586.769,0x79e0d0ef5c1f118cc24db129ae4db36fd244b531bb9553c62b6db5c97981a691,0.500,NEUT,0.00,0.19999950000000005,0.7999995
1769837588.725,0x79e0d0ef5c1f118cc24db129ae4db36fd244b531bb9553c62b6db5c97981a691,0.500,NEUT,0.00,0.19999950000000005,0.7999995
1769837590.728,0x79e0d0ef5c1f118cc24db129ae4db36fd244b531bb9553c62b6db5c97981a691,0.500,NEUT,0.00,0.19999950000000005,0.7999995
1769837592.730,0x79e0d0ef5c1f118cc24db129ae4db36fd244b531bb9553c62b6db5c97981a691,0.500,NEUT,0.00,0.19999950000000005,0.7999995
1769837594.729,0x79e0d0ef5c1f118cc24db129ae4db36fd244b531bb9553c62b6db5c97981a691,0.500,NEUT,0.00,0.19999950000000005,0.7999995
1769837596.734,0x79e0d0ef5c1f118cc24db129ae4db36fd244b531bb9553c62b6db5c97981a691,0.500,NEUT,0.00,0.19999950000000005,0.7999995
1769837598.759,0x79e0d0ef5c1f118cc24db129ae4db36fd244b531bb9553c62b6db5c97981a691,0.500,NEUT,0.00,0.19999950000000005,0.7999995
1769837600.737,0x79e0d0ef5c1f118cc24db129ae4db36fd244b531bb9553c62b6db5c97981a691,0.500,NEUT,0.00,0.19999950000000005,0.7999995
1769837602.737,0x79e0d0ef5c1f118cc24db129ae4db36fd244b531bb9553c62b6db5c97981a691,0.500,NEUT,0.00,0.19999950000000005,0.7999995
1769837604.737,0x79e0d0ef5c1f118cc24db129ae4db36fd244b531bb9553c62b6db5c97981a691,0.500,NEUT,0.00,0.19999950000000005,0.7999995
1769837606.741,0x79e0d0ef5c1f118cc24db129ae4db36fd244b531bb9553c62b6db5c97981a691,0.500,NEUT,0.00,0.19999950000000005,0.7999995
1769837608.739,0x79e0d0ef5c1f118cc24db129ae4db36fd244b531bb9553c62b6db5c97981a691,0.500,NEUT,0.00,0.19999950000000005,0.7999995
1769837610.742,0x79e0d0ef5c1f118cc24db129ae4db36fd244b531bb9553c62b6db5c97981a691,0.500,NEUT,0.00,0.19999950000000005,0.7999995
1769837612.748,0x79e0d0ef5c1f118cc24db129ae4db36fd244b531bb9553c62b6db5c97981a691,0.500,NEUT,0.00,0.19999950000000005,0.7999995
1769837614.750,0x79e0d0ef5c1f118cc24db129ae4db36fd244b531bb9553c62b6db5c97981a691,0.500,NEUT,0.00,0.19999950000000005,0.7999995
1769837616.751,0x79e0d0ef5c1f118cc24db129ae4db36fd244b531bb9553c62b6db5c97981a691,0.500,NEUT,0.00,0.19999950000000005,0.7999995
1769837618.750,0x79e0d0ef5c1f118cc24db129ae4db36fd244b531bb9553c62b6db5c97981a691,0.500,NEUT,0.00,0.19999950000000005,0.7999995
1769837620.752,0x79e0d0ef5c1f118cc24db129ae4db36fd244b531bb9553c62b6db5c97981a691,0.500,NEUT,0.00,0.19999950000000005,0.7999995
1769837622.755,0x79e0d0ef5c1f118cc24db129ae4db36fd244b531bb9553c62b6db5c97981a691,0.500,NEUT,0.00,0.19999950000000005,0.7999995
1769837624.759,0x79e0d0ef5c1f118cc24db129ae4db36fd244b531bb9553c62b6db5c97981a691,0.500,NEUT,0.00,0.19999950000000005,0.7999995
1769837626.756,0x79e0d0ef5c1f118cc24db129ae4db36fd244b531bb9553c62b6db5c97981a691,0.500,NEUT,0.00,0.19999950000000005,0.7999995
1769837628.759,0x79e0d0ef5c1f118cc24db129ae4db36fd244b531bb9553c62b6db5c97981a691,0.500,NEUT,0.00,0.19999950000000005,0.7999995
1769837630.763,0x79e0d0ef5c1f118cc24db129ae4db36fd244b531bb9553c62b6db5c97981a691,0.500,NEUT,0.00,0.19999950000000005,0.7999995
1769837632.763,0x79e0d0ef5c1f118cc24db129ae4db36fd244b531bb9553c62b6db5c97981a691,0.500,NEUT,0.00,0.19999950000000005,0.7999995
1769837634.765,0x79e0d0ef5c1f118cc24db129ae4db36fd244b531bb9553c62b6db5c97981a691,0.500,NEUT,0.00,0.19999950000000005,0.7999995
1769837636.765,0x79e0d0ef5c1f118cc24db129ae4db36fd244b531bb9553c62b6db5c97981a691,0.500,NEUT,0.00,0.19999950000000005,0.7999995
1769837638.767,0x79e0d0ef5c1f118cc24db129ae4db36fd244b531bb9553c62b6db5c97981a691,0.500,NEUT,0.00,0.19999950000000005,0.7999995
1769837640.769,0x79e0d0ef5c1f118cc24db129ae4db36fd244b531bb9553c62b6db5c97981a691,0.500,NEUT,0.00,,
1769837642.769,0x79e0d0ef5c1f118cc24db129ae4db36fd244b531bb9553c62b6db5c97981a691,0.500,BEAR,0.00,0.1999995,0.7999995
1769837644.771,0x79e0d0ef5c1f118cc24db129ae4db36fd244b531bb9553c62b6db5c97981a691,0.500,BEAR,0.00,0.1499995,0.7499994999999999
1769837646.773,0x79e0d0ef5c1f118cc24db129ae4db36fd244b531bb9553c62b6db5c97981a691,0.500,BEAR,0.00,0.1499995,0.7499994999999999
1769837648.774,0x79e0d0ef5c1f118cc24db129ae4db36fd244b531bb9553c62b6db5c97981a691,0.500,BEAR,0.00,0.1499995,0.7499994999999999
1769837650.777,0x79e0d0ef5c1f118cc24db129ae4db36fd244b531bb9553c62b6db5c97981a691,0.500,BEAR,0.00,0.1499995,0.7499994999999999
1769837652.778,0x79e0d0ef5c1f118cc24db129ae4db36fd244b531bb9553c62b6db5c97981a691,0.500,BEAR,0.00,0.1499995,0.7499994999999999
1769837654.781,0x79e0d0ef5c1f118cc24db129ae4db36fd244b531bb9553c62b6db5c97981a691,0.500,BEAR,0.00,0.1499995,0.7499994999999999
1769837656.781,0x79e0d0ef5c1f118cc24db129ae4db36fd244b531bb9553c62b6db5c97981a691,0.500,BEAR,0.00,0.1499995,0.7499994999999999
1769837658.793,0x79e0d0ef5c1f118cc24db129ae4db36fd244b531bb9553c62b6db5c97981a691,0.500,BEAR,0.00,0.1499995,0.7499994999999999
1769837660.793,0x79e0d0ef5c1f118cc24db129ae4db36fd244b531bb9553c62b6db5c97981a691,0.500,BEAR,0.00,0.1499995,0.7499994999999999
1769837662.787,0x79e0d0ef5c1f118cc24db129ae4db36fd244b531bb9553c62b6db5c97981a691,0.500,BEAR,0.00,0.1499995,0.7499994999999999
1769837664.798,0x79e0d0ef5c1f118cc24db129ae4db36fd244b531bb9553c62b6db5c97981a691,0.500,BEAR,0.00,0.1499995,0.7499994999999999
1769837666.789,0x79e0d0ef5c1f118cc24db129ae4db36fd244b531bb9553c62b6db5c97981a691,0.500,BEAR,0.00,0.1499995,0.7499994999999999
1769837668.789,0x79e0d0ef5c1f118cc24db129ae4db36fd244b531bb9553c62b6db5c97981a691,0.500,BEAR,0.00,0.1499995,0.7499994999999999
1769837670.797,0x79e0d0ef5c1f118cc24db129ae4db36fd244b531bb9553c62b6db5c97981a691,0.500,BEAR,0.00,0.1499995,0.7499994999999999
1769837672.795,0x79e0d0ef5c1f118cc24db129ae4db36fd244b531bb9553c62b6db5c97981a691,0.500,BEAR,0.00,0.1499995,0.7499994999999999
1769837674.799,0x79e0d0ef5c1f118cc24db129ae4db36fd244b531bb9553c62b6db5c97981a691,0.500,BEAR,0.00,0.1499995,0.7499994999999999
1769837676.809,0x79e0d0ef5c1f118cc24db129ae4db36fd244b531bb9553c62b6db5c97981a691,0.500,BEAR,0.00,0.1499995,0.7499994999999999
1769837678.802,0x79e0d0ef5c1f118cc24db129ae4db36fd244b531bb9553c62b6db5c97981a691,0.500,BEAR,0.00,0.1499995,0.7499994999999999
1769837680.798,0x79e0d0ef5c1f118cc24db129ae4db36fd244b531bb9553c62b6db5c97981a691,0.500,BEAR,0.00,0.1499995,0.7499994999999999
1769837682.799,0x79e0d0ef5c1f118cc24db129ae4db36fd244b531bb9553c62b6db5c97981a691,0.500,BEAR,0.00,0.1499995,0.7499994999999999
1769837684.803,0x79e0d0ef5c1f118cc24db129ae4db36fd244b531bb9553c62b6db5c97981a691,0.500,BEAR,0.00,0.1499995,0.7499994999999999
1769837686.805,0x79e0d0ef5c1f118cc24db129ae4db36fd244b531bb9553c62b6db5c97981a691,0.500,BEAR,0.00,0.1499995,0.7499994999999999
1769837688.804,0x79e0d0ef5c1f118cc24db129ae4db36fd244b531bb9553c62b6db5c97981a691,0.500,BEAR,0.00,0.1499995,0.7499994999999999
1769837690.808,0x79e0d0ef5c1f118cc24db129ae4db36fd244b531bb9553c62b6db5c97981a691,0.500,BEAR,0.00,,
1769837692.807,0x79e0d0ef5c1f118cc24db129ae4db36fd244b531bb9553c62b6db5c97981a691,0.500,BEAR,0.00,,
1769837694.809,0x79e0d0ef5c1f118cc24db129ae4db36fd244b531bb9553c62b6db5c97981a691,0.500,BEAR,0.00,,
1769837696.811,0x79e0d0ef5c1f118cc24db129ae4db36fd244b531bb9553c62b6db5c97981a691,0.500,NEUT,0.00,,
1769837698.814,0x79e0d0ef5c1f118cc24db129ae4db36fd244b531bb9553c62b6db5c97981a691,0.500,NEUT,0.00,,
1769837700.819,0x79e0d0ef5c1f118cc24db129ae4db36fd244b531bb9553c62b6db5c97981a691,0.500,NEUT,0.00,,
1769837702.819,0x79e0d0ef5c1f118cc24db129ae4db36fd244b531bb9553c62b6db5c97981a691,0.500,NEUT,0.00,,
1769837704.820,0x79e0d0ef5c1f118cc24db129ae4db36fd244b531bb9553c62b6db5c97981a691,0.500,NEUT,0.00,,
1769837706.823,0x79e0d0ef5c1f118cc24db129ae4db36fd244b531bb9553c62b6db5c97981a691,0.500,NEUT,0.00,,
1769837708.825,0x79e0d0ef5c1f118cc24db129ae4db36fd244b531bb9553c62b6db5c97981a691,0.500,NEUT,0.00,,
1769837710.826,0x79e0d0ef5c1f118cc24db129ae4db36fd244b531bb9553c62b6db5c97981a691,0.500,NEUT,0.00,,
1769837712.828,0x79e0d0ef5c1f118cc24db129ae4db36fd244b531bb9553c62b6db5c97981a691,0.500,NEUT,0.00,0.1999995,0.7999995
1769837714.828,0x79e0d0ef5c1f118cc24db129ae4db36fd244b531bb9553c62b6db5c97981a691,0.500,NEUT,0.00,0.1999995,0.7999995
1769837716.830,0x79e0d0ef5c1f118cc24db129ae4db36fd244b531bb9553c62b6db5c97981a691,0.500,NEUT,0.00,0.1999995,0.7999995
1769837718.833,0x79e0d0ef5c1f118cc24db129ae4db36fd244b531bb9553c62b6db5c97981a691,0.500,NEUT,0.00,0.1999995,0.7999995
1769837720.834,0x79e0d0ef5c1f118cc24db129ae4db36fd244b531bb9553c62b6db5c97981a691,0.500,NEUT,0.00,0.1999995,0.7999995
1769837722.839,0x79e0d0ef5c1f118cc24db129ae4db36fd244b531bb9553c62b6db5c97981a691,0.500,NEUT,0.00,0.1999995,0.7999995
1769837724.839,0x79e0d0ef5c1f118cc24db129ae4db36fd244b531bb9553c62b6db5c97981a691,0.500,NEUT,0.00,0.1999995,0.7999995
1769837726.843,0x79e0d0ef5c1f118cc24db129ae4db36fd244b531bb9553c62b6db5c97981a691,0.500,NEUT,0.00,0.1999995,0.7999995
1769837728.843,0x79e0d0ef5c1f118cc24db129ae4db36fd244b531bb9553c62b6db5c97981a691,0.500,NEUT,0.00,0.1999995,0.7999995
1769837730.846,0x79e0d0ef5c1f118cc24db129ae4db36fd244b531bb9553c62b6db5c97981a691,0.500,NEUT,0.00,0.1999995,0.7999995
1769837732.850,0x79e0d0ef5c1f118cc24db129ae4db36fd244b531bb9553c62b6db5c97981a691,0.500,NEUT,0.00,0.1999995,0.7999995
1769837734.852,0x79e0d0ef5c1f118cc24db129ae4db36fd244b531bb9553c62b6db5c97981a691,0.500,NEUT,0.00,0.1999995,0.7999995
1769837736.848,0x79e0d0ef5c1f118cc24db129ae4db36fd244b531bb9553c62b6db5c97981a691,0.500,NEUT,0.00,0.1999995,0.7999995
1769837738.852,0x79e0d0ef5c1f118cc24db129ae4db36fd244b531bb9553c62b6db5c97981a691,0.500,NEUT,0.00,0.1999995,0.7999995
1769837740.853,0x79e0d0ef5c1f118cc24db129ae4db36fd244b531bb9553c62b6db5c97981a691,0.500,NEUT,0.00,0.1999995,0.7999995
1769837742.852,0x79e0d0ef5c1f118cc24db129ae4db36fd244b531bb9553c62b6db5c97981a691,0.500,BULL,0.00,0.19999950000000005,0.7999995
1769837744.853,0x79e0d0ef5c1f118cc24db129ae4db36fd244b531bb9553c62b6db5c97981a691,0.500,BULL,0.00,0.24999950000000004,0.8499995
1769837746.857,0x79e0d0ef5c1f118cc24db129ae4db36fd244b531bb9553c62b6db5c97981a691,0.500,NEUT,0.00,0.24999950000000004,0.8499995
1769837748.858,0x79e0d0ef5c1f118cc24db129ae4db36fd244b531bb9553c62b6db5c97981a691,0.500,NEUT,0.00,0.19999950000000005,0.7999995
1769837750.858,0x79e0d0ef5c1f118cc24db129ae4db36fd244b531bb9553c62b6db5c97981a691,0.500,NEUT,0.00,0.19999950000000005,0.7999995
1769837752.857,0x79e0d0ef5c1f118cc24db129ae4db36fd244b531bb9553c62b6db5c97981a691,0.500,BEAR,0.00,0.1999995,0.7999995
1769837754.857,0x79e0d0ef5c1f118cc24db129ae4db36fd244b531bb9553c62b6db5c97981a691,0.500,BEAR,0.00,0.1499995,0.7499994999999999
1769837756.874,0x79e0d0ef5c1f118cc24db129ae4db36fd244b531bb9553c62b6db5c97981a691,0.500,BEAR,0.00,0.1499995,0.7499994999999999
1769837758.861,0x79e0d0ef5c1f118cc24db129ae4db36fd244b531bb9553c62b6db5c97981a691,0.500,BEAR,0.00,0.1499995,0.7499994999999999
1769837760.862,0x79e0d0ef5c1f118cc24db129ae4db36fd244b531bb9553c62b6db5c97981a691,0.500,BEAR,0.00,0.1499995,0.7499994999999999
1769837762.864,0x79e0d0ef5c1f118cc24db129ae4db36fd244b531bb9553c62b6db5c97981a691,0.500,BEAR,0.00,0.1499995,0.7499994999999999
1769837764.865,0x79e0d0ef5c1f118cc24db129ae4db36fd244b531bb9553c62b6db5c97981a691,0.500,BEAR,0.00,0.1499995,0.7499994999999999
1769837766.873,0x79e0d0ef5c1f118cc24db129ae4db36fd244b531bb9553c62b6db5c97981a691,0.500,BEAR,0.00,0.1499995,0.7499994999999999
1769837768.868,0x79e0d0ef5c1f118cc24db129ae4db36fd244b531bb9553c62b6db5c97981a691,0.500,BEAR,0.00,0.1499995,0.7499994999999999
1769837770.870,0x79e0d0ef5c1f118cc24db129ae4db36fd244b531bb9553c62b6db5c97981a691,0.500,BEAR,0.00,0.1499995,0.7499994999999999
1769837772.873,0x79e0d0ef5c1f118cc24db129ae4db36fd244b531bb9553c62b6db5c97981a691,0.500,BEAR,0.00,0.1499995,0.7499994999999999
1769837774.873,0x79e0d0ef5c1f118cc24db129ae4db36fd244b531bb9553c62b6db5c97981a691,0.500,BEAR,0.00,0.1499995,0.7499994999999999
1769837776.875,0x79e0d0ef5c1f118cc24db129ae4db36fd244b531bb9553c62b6db5c97981a691,0.500,BEAR,0.00,0.1499995,0.7499994999999999
1769837778.876,0x79e0d0ef5c1f118cc24db129ae4db36fd244b531bb9553c62b6db5c97981a691,0.500,BEAR,0.00,0.1499995,0.7499994999999999
1769837780.876,0x79e0d0ef5c1f118cc24db129ae4db36fd244b531bb9553c62b6db5c97981a691,0.500,BEAR,0.00,0.1499995,0.7499994999999999
1769837782.876,0x79e0d0ef5c1f118cc24db129ae4db36fd244b531bb9553c62b6db5c97981a691,0.500,BEAR,0.00,0.1499995,0.7499994999999999
1769837784.877,0x79e0d0ef5c1f118cc24db129ae4db36fd244b531bb9553c62b6db5c97981a691,0.500,BEAR,0.00,0.1499995,0.7499994999999999
1769837786.881,0x79e0d0ef5c1f118cc24db129ae4db36fd244b531bb9553c62b6db5c97981a691,0.500,BEAR,0.00,0.1499995,0.7499994999999999
1769837788.882,0x79e0d0ef5c1f118cc24db129ae4db36fd244b531bb9553c62b6db5c97981a691,0.500,BEAR,0.00,0.1499995,0.7499994999999999
1769837790.883,0x79e0d0ef5c1f118cc24db129ae4db36fd244b531bb9553c62b6db5c97981a691,0.500,BEAR,0.00,0.1499995,0.7499994999999999
1769837792.884,0x79e0d0ef5c1f118cc24db129ae4db36fd244b531bb9553c62b6db5c97981a691,0.500,BEAR,0.00,0.1499995,0.7499994999999999
1769837794.887,0x79e0d0ef5c1f118cc24db129ae4db36fd244b531bb9553c62b6db5c97981a691,0.500,BEAR,0.00,0.1499995,0.7499994999999999
1769837796.893,0x79e0d0ef5c1f118cc24db129ae4db36fd244b531bb9553c62b6db5c97981a691,0.500,BEAR,0.00,0.1499995,0.7499994999999999
1769837798.888,0x79e0d0ef5c1f118cc24db129ae4db36fd244b531bb9553c62b6db5c97981a691,0.500,BEAR,0.00,0.1499995,0.7499994999999999
1769837800.890,0x79e0d0ef5c1f118cc24db129ae4db36fd244b531bb9553c62b6db5c97981a691,0.500,BEAR,0.00,0.1499995,0.7499994999999999
1769837802.890,0x79e0d0ef5c1f118cc24db129ae4db36fd244b531bb9553c62b6db5c97981a691,0.500,BEAR,0.00,0.1499995,0.7499994999999999
1769837804.895,0x79e0d0ef5c1f118cc24db129ae4db36fd244b531bb9553c62b6db5c97981a691,0.500,BEAR,0.00,0.1499995,0.7499994999999999
1769837806.897,0x79e0d0ef5c1f118cc24db129ae4db36fd244b531bb9553c62b6db5c97981a691,0.500,NEUT,0.00,0.1499995,0.7499994999999999
1769837808.901,0x79e0d0ef5c1f118cc24db129ae4db36fd244b531bb9553c62b6db5c97981a691,0.500,NEUT,0.00,0.1999995,0.7999995
1769837810.898,0x79e0d0ef5c1f118cc24db129ae4db36fd244b531bb9553c62b6db5c97981a691,0.500,NEUT,0.00,0.1999995,0.7999995
1769837812.962,0x79e0d0ef5c1f118cc24db129ae4db36fd244b531bb9553c62b6db5c97981a691,0.500,BULL,0.00,0.19999950000000005,0.7999995
1769837815.052,0x79e0d0ef5c1f118cc24db129ae4db36fd244b531bb9553c62b6db5c97981a691,0.500,BULL,0.00,0.24999950000000004,0.8499995
1769837817.252,0x79e0d0ef5c1f118cc24db129ae4db36fd244b531bb9553c62b6db5c97981a691,0.500,NEUT,0.00,0.24999950000000004,0.8499995
1769837819.361,0x79e0d0ef5c1f118cc24db129ae4db36fd244b531bb9553c62b6db5c97981a691,0.500,NEUT,0.00,0.19999950000000005,0.7999995
1769837821.141,0x79e0d0ef5c1f118cc24db129ae4db36fd244b531bb9553c62b6db5c97981a691,0.500,NEUT,0.00,0.19999950000000005,0.7999995
1769837823.149,0x79e0d0ef5c1f118cc24db129ae4db36fd244b531bb9553c62b6db5c97981a691,0.500,NEUT,0.00,0.19999950000000005,0.7999995
1769837825.146,0x79e0d0ef5c1f118cc24db129ae4db36fd244b531bb9553c62b6db5c97981a691,0.500,NEUT,0.00,0.19999950000000005,0.7999995
1769837827.149,0x79e0d0ef5c1f118cc24db129ae4db36fd244b531bb9553c62b6db5c97981a691,0.500,NEUT,0.00,0.19999950000000005,0.7999995
1769837829.151,0x79e0d0ef5c1f118cc24db129ae4db36fd244b531bb9553c62b6db5c97981a691,0.500,NEUT,0.00,0.19999950000000005,0.7999995
1769837831.149,0x79e0d0ef5c1f118cc24db129ae4db36fd244b531bb9553c62b6db5c97981a691,0.500,NEUT,0.00,0.19999950000000005,0.7999995
1769837833.153,0x79e0d0ef5c1f118cc24db129ae4db36fd244b531bb9553c62b6db5c97981a691,0.500,NEUT,0.00,0.19999950000000005,0.7999995
1769837835.154,0x79e0d0ef5c1f118cc24db129ae4db36fd244b531bb9553c62b6db5c97981a691,0.500,NEUT,0.00,0.19999950000000005,0.7999995
1769837837.155,0x79e0d0ef5c1f118cc24db129ae4db36fd244b531bb9553c62b6db5c97981a691,0.500,NEUT,0.00,0.19999950000000005,0.7999995
1769837839.158,0x79e0d0ef5c1f118cc24db129ae4db36fd244b531bb9553c62b6db5c97981a691,0.500,NEUT,0.00,0.19999950000000005,0.7999995
1769837841.158,0x79e0d0ef5c1f118cc24db129ae4db36fd244b531bb9553c62b6db5c97981a691,0.500,NEUT,0.00,0.19999950000000005,0.7999995
1769837843.161,0x79e0d0ef5c1f118cc24db129ae4db36fd244b531bb9553c62b6db5c97981a691,0.500,NEUT,0.00,0.19999950000000005,0.7999995
1769837845.176,0x79e0d0ef5c1f118cc24db129ae4db36fd244b531bb9553c62b6db5c97981a691,0.500,NEUT,0.00,0.19999950000000005,0.7999995
1769837847.167,0x79e0d0ef5c1f118cc24db129ae4db36fd244b531bb9553c62b6db5c97981a691,0.500,NEUT,0.00,0.19999950000000005,0.7999995
1769837849.167,0x79e0d0ef5c1f118cc24db129ae4db36fd244b531bb9553c62b6db5c97981a691,0.500,NEUT,0.00,0.19999950000000005,0.7999995
1769837851.167,0x79e0d0ef5c1f118cc24db129ae4db36fd244b531bb9553c62b6db5c97981a691,0.500,NEUT,0.00,0.19999950000000005,0.7999995
1769837853.169,0x79e0d0ef5c1f118cc24db129ae4db36fd244b531bb9553c62b6db5c97981a691,0.500,NEUT,0.00,0.19999950000000005,0.7999995
1769837855.172,0x79e0d0ef5c1f118cc24db129ae4db36fd244b531bb9553c62b6db5c97981a691,0.500,NEUT,0.00,0.19999950000000005,0.7999995
1769837857.172,0x79e0d0ef5c1f118cc24db129ae4db36fd244b531bb9553c62b6db5c97981a691,0.500,NEUT,0.00,0.19999950000000005,0.7999995
1769837859.172,0x79e0d0ef5c1f118cc24db129ae4db36fd244b531bb9553c62b6db5c97981a691,0.500,NEUT,0.00,0.19999950000000005,0.7999995
1769837861.174,0x79e0d0ef5c1f118cc24db129ae4db36fd244b531bb9553c62b6db5c97981a691,0.500,NEUT,0.00,0.19999950000000005,0.7999995
1769837863.175,0x79e0d0ef5c1f118cc24db129ae4db36fd244b531bb9553c62b6db5c97981a691,0.500,NEUT,0.00,0.19999950000000005,0.7999995
1769837865.177,0x79e0d0ef5c1f118cc24db129ae4db36fd244b531bb9553c62b6db5c97981a691,0.500,NEUT,0.00,0.19999950000000005,0.7999995
1769837867.180,0x79e0d0ef5c1f118cc24db129ae4db36fd244b531bb9553c62b6db5c97981a691,0.500,NEUT,0.00,,
1769837869.181,0x79e0d0ef5c1f118cc24db129ae4db36fd244b531bb9553c62b6db5c97981a691,0.500,NEUT,0.00,,
1769837871.185,0x79e0d0ef5c1f118cc24db129ae4db36fd244b531bb9553c62b6db5c97981a691,0.500,NEUT,0.00,,
1769837873.186,0x79e0d0ef5c1f118cc24db129ae4db36fd244b531bb9553c62b6db5c97981a691,0.500,NEUT,0.00,,
1769837875.186,0x79e0d0ef5c1f118cc24db129ae4db36fd244b531bb9553c62b6db5c97981a691,0.500,NEUT,0.00,,
1769837877.190,0x79e0d0ef5c1f118cc24db129ae4db36fd244b531bb9553c62b6db5c97981a691,0.500,NEUT,0.00,,
1769837879.194,0x79e0d0ef5c1f118cc24db129ae4db36fd244b531bb9553c62b6db5c97981a691,0.500,NEUT,0.00,,
1769837881.197,0x79e0d0ef5c1f118cc24db129ae4db36fd244b531bb9553c62b6db5c97981a691,0.500,NEUT,0.00,,
1769837883.295,0x79e0d0ef5c1f118cc24db129ae4db36fd244b531bb9553c62b6db5c97981a691,0.500,NEUT,0.00,,
1769837885.196,0x79e0d0ef5c1f118cc24db129ae4db36fd244b531bb9553c62b6db5c97981a691,0.500,NEUT,0.00,,
1769837887.200,0x79e0d0ef5c1f118cc24db129ae4db36fd244b531bb9553c62b6db5c97981a691,0.500,NEUT,0.00,,
1769837889.201,0x79e0d0ef5c1f118cc24db129ae4db36fd244b531bb9553c62b6db5c97981a691,0.500,NEUT,0.00,,
1769837891.209,0x79e0d0ef5c1f118cc24db129ae4db36fd244b531bb9553c62b6db5c97981a691,0.500,NEUT,0.00,,
1769837893.208,0x79e0d0ef5c1f118cc24db129ae4db36fd244b531bb9553c62b6db5c97981a691,0.500,NEUT,0.00,,
1769837895.208,0x79e0d0ef5c1f118cc24db129ae4db36fd244b531bb9553c62b6db5c97981a691,0.500,NEUT,0.00,,
1769837897.210,0x79e0d0ef5c1f118cc24db129ae4db36fd244b531bb9553c62b6db5c97981a691,0.500,NEUT,0.00,,
1769837899.211,0x79e0d0ef5c1f118cc24db129ae4db36fd244b531bb9553c62b6db5c97981a691,0.500,NEUT,0.00,,
1769837901.217,0x79e0d0ef5c1f118cc24db129ae4db36fd244b531bb9553c62b6db5c97981a691,0.500,NEUT,0.00,,
1769837903.215,0x79e0d0ef5c1f118cc24db129ae4db36fd244b531bb9553c62b6db5c97981a691,0.500,NEUT,0.00,,
1769837905.216,0x79e0d0ef5c1f118cc24db129ae4db36fd244b531bb9553c62b6db5c97981a691,0.500,NEUT,0.00,,
1769837907.219,0x79e0d0ef5c1f118cc24db129ae4db36fd244b531bb9553c62b6db5c97981a691,0.500,NEUT,0.00,,
1769837909.220,0x79e0d0ef5c1f118cc24db129ae4db36fd244b531bb9553c62b6db5c97981a691,0.500,NEUT,0.00,,
1769837911.223,0x79e0d0ef5c1f118cc24db129ae4db36fd244b531bb9553c62b6db5c97981a691,0.524,BULL,0.00,0.22357850000000007,0.8235785
1769837913.221,0x79e0d0ef5c1f118cc24db129ae4db36fd244b531bb9553c62b6db5c97981a691,0.500,BEAR,0.00,0.24999950000000004,0.8499995
1769837915.222,0x79e0d0ef5c1f118cc24db129ae4db36fd244b531bb9553c62b6db5c97981a691,0.500,BEAR,0.00,0.14999950000000006,0.7499994999999999
1769837917.225,0x79e0d0ef5c1f118cc24db129ae4db36fd244b531bb9553c62b6db5c97981a691,0.500,BEAR,0.00,0.14999950000000006,0.7499994999999999
1769837919.228,0x79e0d0ef5c1f118cc24db129ae4db36fd244b531bb9553c62b6db5c97981a691,0.500,BEAR,0.00,0.14999950000000006,0.7499994999999999
1769837921.230,0x79e0d0ef5c1f118cc24db129ae4db36fd244b531bb9553c62b6db5c97981a691,0.500,BEAR,0.00,0.14999950000000006,0.7499994999999999
1769837923.230,0x79e0d0ef5c1f118cc24db129ae4db36fd244b531bb9553c62b6db5c97981a691,0.500,BEAR,0.00,0.14999950000000006,0.7499994999999999
1769837925.233,0x79e0d0ef5c1f118cc24db129ae4db36fd244b531bb9553c62b6db5c97981a691,0.500,BEAR,0.00,0.14999950000000006,0.7499994999999999
1769837927.235,0x79e0d0ef5c1f118cc24db129ae4db36fd244b531bb9553c62b6db5c97981a691,0.500,BEAR,0.00,0.14999950000000006,0.7499994999999999
1769837929.236,0x79e0d0ef5c1f118cc24db129ae4db36fd244b531bb9553c62b6db5c97981a691,0.500,BEAR,0.00,0.14999950000000006,0.7499994999999999
1769837931.238,0x79e0d0ef5c1f118cc24db129ae4db36fd244b531bb9553c62b6db5c97981a691,0.500,BEAR,0.00,0.14999950000000006,0.7499994999999999
1769837933.250,0x79e0d0ef5c1f118cc24db129ae4db36fd244b531bb9553c62b6db5c97981a691,0.500,BEAR,0.00,0.14999950000000006,0.7499994999999999
1769837935.240,0x79e0d0ef5c1f118cc24db129ae4db36fd244b531bb9553c62b6db5c97981a691,0.500,BEAR,0.00,0.14999950000000006,0.7499994999999999
1769837937.243,0x79e0d0ef5c1f118cc24db129ae4db36fd244b531bb9553c62b6db5c97981a691,0.500,BEAR,0.00,0.14999950000000006,0.7499994999999999
1769837939.243,0x79e0d0ef5c1f118cc24db129ae4db36fd244b531bb9553c62b6db5c97981a691,0.500,BEAR,0.00,0.14999950000000006,0.7499994999999999
1769837941.246,0x79e0d0ef5c1f118cc24db129ae4db36fd244b531bb9553c62b6db5c97981a691,0.550,BULL,0.00,0.19967750000000006,0.7996775
1769837943.246,0x79e0d0ef5c1f118cc24db129ae4db36fd244b531bb9553c62b6db5c97981a691,0.500,BEAR,0.00,0.24999949999999999,0.8499995
1769837945.248,0x79e0d0ef5c1f118cc24db129ae4db36fd244b531bb9553c62b6db5c97981a691,0.500,BEAR,0.00,0.1499995,0.7499994999999999
1769837947.251,0x79e0d0ef5c1f118cc24db129ae4db36fd244b531bb9553c62b6db5c97981a691,0.500,BEAR,0.00,0.1499995,0.7499994999999999
1769837949.252,0x79e0d0ef5c1f118cc24db129ae4db36fd244b531bb9553c62b6db5c97981a691,0.500,BEAR,0.00,0.1499995,0.7499994999999999
1769837951.251,0x79e0d0ef5c1f118cc24db129ae4db36fd244b531bb9553c62b6db5c97981a691,0.500,BEAR,0.00,0.1499995,0.7499994999999999
1769837953.257,0x79e0d0ef5c1f118cc24db129ae4db36fd244b531bb9553c62b6db5c97981a691,0.500,BEAR,0.00,0.1499995,0.7499994999999999
1769837955.253,0x79e0d0ef5c1f118cc24db129ae4db36fd244b531bb9553c62b6db5c97981a691,0.500,BEAR,0.00,0.1499995,0.7499994999999999
1769837957.258,0x79e0d0ef5c1f118cc24db129ae4db36fd244b531bb9553c62b6db5c97981a691,0.500,BEAR,0.00,0.1499995,0.7499994999999999
1769837959.259,0x79e0d0ef5c1f118cc24db129ae4db36fd244b531bb9553c62b6db5c97981a691,0.500,BEAR,0.00,0.1499995,0.7499994999999999
1769837961.259,0x79e0d0ef5c1f118cc24db129ae4db36fd244b531bb9553c62b6db5c97981a691,0.500,BEAR,0.00,0.1499995,0.7499994999999999
1769837963.265,0x79e0d0ef5c1f118cc24db129ae4db36fd244b531bb9553c62b6db5c97981a691,0.500,BEAR,0.00,0.1499995,0.7499994999999999
1769837965.263,0x79e0d0ef5c1f118cc24db129ae4db36fd244b531bb9553c62b6db5c97981a691,0.500,BEAR,0.00,0.1499995,0.7499994999999999
1769837967.268,0x79e0d0ef5c1f118cc24db129ae4db36fd244b531bb9553c62b6db5c97981a691,0.500,BEAR,0.00,0.1499995,0.7499994999999999
1769837969.267,0x79e0d0ef5c1f118cc24db129ae4db36fd244b531bb9553c62b6db5c97981a691,0.500,BEAR,0.00,0.1499995,0.7499994999999999
1769837971.271,0x79e0d0ef5c1f118cc24db129ae4db36fd244b531bb9553c62b6db5c97981a691,0.500,BEAR,0.00,0.1499995,0.7499994999999999
1769837973.272,0x79e0d0ef5c1f118cc24db129ae4db36fd244b531bb9553c62b6db5c97981a691,0.500,BEAR,0.00,0.1499995,0.7499994999999999
1769837975.274,0x79e0d0ef5c1f118cc24db129ae4db36fd244b531bb9553c62b6db5c97981a691,0.500,BEAR,0.00,0.1499995,0.7499994999999999
1769837977.274,0x79e0d0ef5c1f118cc24db129ae4db36fd244b531bb9553c62b6db5c97981a691,0.500,BEAR,0.00,0.1499995,0.7499994999999999
1769837979.275,0x79e0d0ef5c1f118cc24db129ae4db36fd244b531bb9553c62b6db5c97981a691,0.500,BEAR,0.00,0.1499995,0.7499994999999999
1769837981.274,0x79e0d0ef5c1f118cc24db129ae4db36fd244b531bb9553c62b6db5c97981a691,0.512,BULL,0.00,0.16227800000000003,0.762278
1769837983.275,0x79e0d0ef5c1f118cc24db129ae4db36fd244b531bb9553c62b6db5c97981a691,0.500,BEAR,0.00,0.24999949999999999,0.8499995
1769837985.280,0x79e0d0ef5c1f118cc24db129ae4db36fd244b531bb9553c62b6db5c97981a691,0.500,BEAR,0.00,0.1499995,0.7499994999999999
1769837987.279,0x79e0d0ef5c1f118cc24db129ae4db36fd244b531bb9553c62b6db5c97981a691,0.500,BEAR,0.00,0.1499995,0.7499994999999999
1769837989.277,0x79e0d0ef5c1f118cc24db129ae4db36fd244b531bb9553c62b6db5c97981a691,0.500,BEAR,0.00,0.1499995,0.7499994999999999
1769837991.277,0x79e0d0ef5c1f118cc24db129ae4db36fd244b531bb9553c62b6db5c97981a691,0.519,BULL,0.00,0.1689425,0.7689424999999999
1769837993.500,0x79e0d0ef5c1f118cc24db129ae4db36fd244b531bb9553c62b6db5c97981a691,0.500,BEAR,0.00,0.24999949999999999,0.8499995
1769837995.281,0x79e0d0ef5c1f118cc24db129ae4db36fd244b531bb9553c62b6db5c97981a691,0.500,BEAR,0.00,0.1499995,0.7499994999999999
1769837997.383,0x79e0d0ef5c1f118cc24db129ae4db36fd244b531bb9553c62b6db5c97981a691,0.500,BEAR,0.00,0.1499995,0.7499994999999999
1769837999.389,0x79e0d0ef5c1f118cc24db129ae4db36fd244b531bb9553c62b6db5c97981a691,0.500,BEAR,0.00,0.1499995,0.7499994999999999
1769838001.385,0x79e0d0ef5c1f118cc24db129ae4db36fd244b531bb9553c62b6db5c97981a691,0.522,BULL,0.00,0.17240750000000005,0.7724074999999999
1769838003.386,0x79e0d0ef5c1f118cc24db129ae4db36fd244b531bb9553c62b6db5c97981a691,0.500,BEAR,0.00,0.24999950000000004,0.8499995
1769838005.392,0x79e0d0ef5c1f118cc24db129ae4db36fd244b531bb9553c62b6db5c97981a691,0.500,BEAR,0.00,0.14999950000000006,0.7499994999999999
1769838007.391,0x79e0d0ef5c1f118cc24db129ae4db36fd244b531bb9553c62b6db5c97981a691,0.500,BEAR,0.00,0.14999950000000006,0.7499994999999999
1769838009.393,0x79e0d0ef5c1f118cc24db129ae4db36fd244b531bb9553c62b6db5c97981a691,0.500,BEAR,0.00,0.14999950000000006,0.7499994999999999
1769838011.443,0x79e0d0ef5c1f118cc24db129ae4db36fd244b531bb9553c62b6db5c97981a691,0.480,BEAR,0.00,0.13029750000000007,0.7302975
1769838013.395,0x79e0d0ef5c1f118cc24db129ae4db36fd244b531bb9553c62b6db5c97981a691,0.500,BEAR,0.00,0.14999950000000006,0.7499994999999999
1769838015.399,0x79e0d0ef5c1f118cc24db129ae4db36fd244b531bb9553c62b6db5c97981a691,0.500,BEAR,0.00,0.14999950000000006,0.7499994999999999
1769838017.397,0x79e0d0ef5c1f118cc24db129ae4db36fd244b531bb9553c62b6db5c97981a691,0.500,BEAR,0.00,0.14999950000000006,0.7499994999999999
1769838019.398,0x79e0d0ef5c1f118cc24db129ae4db36fd244b531bb9553c62b6db5c97981a691,0.500,BEAR,0.00,0.14999950000000006,0.7499994999999999
1769838021.400,0x79e0d0ef5c1f118cc24db129ae4db36fd244b531bb9553c62b6db5c97981a691,0.532,BULL,0.00,0.1815055,0.7815055
1769838023.404,0x79e0d0ef5c1f118cc24db129ae4db36fd244b531bb9553c62b6db5c97981a691,0.500,BEAR,0.00,0.24999949999999999,0.8499995
1769838025.403,0x79e0d0ef5c1f118cc24db129ae4db36fd244b531bb9553c62b6db5c97981a691,0.500,BEAR,0.00,0.1499995,0.7499994999999999
1769838027.401,0x79e0d0ef5c1f118cc24db129ae4db36fd244b531bb9553c62b6db5c97981a691,0.500,BEAR,0.00,0.1499995,0.7499994999999999
1769838029.405,0x79e0d0ef5c1f118cc24db129ae4db36fd244b531bb9553c62b6db5c97981a691,0.500,BEAR,0.00,0.1499995,0.7499994999999999
1769838031.404,0x79e0d0ef5c1f118cc24db129ae4db36fd244b531bb9553c62b6db5c97981a691,0.500,BEAR,0.00,0.1499995,0.7499994999999999
1769838033.407,0x79e0d0ef5c1f118cc24db129ae4db36fd244b531bb9553c62b6db5c97981a691,0.500,BEAR,0.00,0.1499995,0.7499994999999999
1769838035.408,0x79e0d0ef5c1f118cc24db129ae4db36fd244b531bb9553c62b6db5c97981a691,0.500,BEAR,0.00,0.1499995,0.7499994999999999
1769838037.410,0x79e0d0ef5c1f118cc24db129ae4db36fd244b531bb9553c62b6db5c97981a691,0.500,BEAR,0.00,0.1499995,0.7499994999999999
1769838039.412,0x79e0d0ef5c1f118cc24db129ae4db36fd244b531bb9553c62b6db5c97981a691,0.500,BEAR,0.00,0.1499995,0.7499994999999999
1769838041.411,0x79e0d0ef5c1f118cc24db129ae4db36fd244b531bb9553c62b6db5c97981a691,0.443,BEAR,0.00,0.09297599999999999,0.6929759999999999
1769838043.414,0x79e0d0ef5c1f118cc24db129ae4db36fd244b531bb9553c62b6db5c97981a691,0.500,BULL,0.00,0.1499995,0.7499994999999999
1769838045.636,0x79e0d0ef5c1f118cc24db129ae4db36fd244b531bb9553c62b6db5c97981a691,0.500,BULL,0.00,0.24999949999999999,0.8499995
1769838047.414,0x79e0d0ef5c1f118cc24db129ae4db36fd244b531bb9553c62b6db5c97981a691,0.500,BULL,0.00,0.24999949999999999,0.8499995
1769838049.416,0x79e0d0ef5c1f118cc24db129ae4db36fd244b531bb9553c62b6db5c97981a691,0.500,BULL,0.00,0.24999949999999999,0.8499995
1769838051.422,0x79e0d0ef5c1f118cc24db129ae4db36fd244b531bb9553c62b6db5c97981a691,0.500,BULL,0.00,0.24999949999999999,0.8499995
1769838053.421,0x79e0d0ef5c1f118cc24db129ae4db36fd244b531bb9553c62b6db5c97981a691,0.500,BULL,0.00,0.24999949999999999,0.8499995
1769838055.428,0x79e0d0ef5c1f118cc24db129ae4db36fd244b531bb9553c62b6db5c97981a691,0.500,BULL,0.00,0.24999949999999999,0.8499995
1769838057.426,0x79e0d0ef5c1f118cc24db129ae4db36fd244b531bb9553c62b6db5c97981a691,0.500,BULL,0.00,0.24999949999999999,0.8499995
1769838059.427,0x79e0d0ef5c1f118cc24db129ae4db36fd244b531bb9553c62b6db5c97981a691,0.500,BULL,0.00,0.24999949999999999,0.8499995
1769838061.432,0x79e0d0ef5c1f118cc24db129ae4db36fd244b531bb9553c62b6db5c97981a691,0.500,BULL,0.00,0.24999949999999999,0.8499995
1769838063.429,0x79e0d0ef5c1f118cc24db129ae4db36fd244b531bb9553c62b6db5c97981a691,0.500,BULL,0.00,0.24999949999999999,0.8499995
1769838065.433,0x79e0d0ef5c1f118cc24db129ae4db36fd244b531bb9553c62b6db5c97981a691,0.500,BULL,0.00,0.24999949999999999,0.8499995
1769838067.436,0x79e0d0ef5c1f118cc24db129ae4db36fd244b531bb9553c62b6db5c97981a691,0.500,BULL,0.00,0.24999949999999999,0.8499995
1769838069.436,0x79e0d0ef5c1f118cc24db129ae4db36fd244b531bb9553c62b6db5c97981a691,0.500,BULL,0.00,0.24999949999999999,0.8499995
1769838071.436,0x79e0d0ef5c1f118cc24db129ae4db36fd244b531bb9553c62b6db5c97981a691,0.511,BULL,0.00,0.2609155000000001,0.8609155000000002
1769838073.436,0x79e0d0ef5c1f118cc24db129ae4db36fd244b531bb9553c62b6db5c97981a691,0.500,BULL,0.00,0.24999950000000004,0.8499995
1769838075.437,0x79e0d0ef5c1f118cc24db129ae4db36fd244b531bb9553c62b6db5c97981a691,0.500,BULL,0.00,0.24999950000000004,0.8499995
1769838077.440,0x79e0d0ef5c1f118cc24db129ae4db36fd244b531bb9553c62b6db5c97981a691,0.500,BULL,0.00,0.24999950000000004,0.8499995
1769838079.440,0x79e0d0ef5c1f118cc24db129ae4db36fd244b531bb9553c62b6db5c97981a691,0.500,BULL,0.00,0.24999950000000004,0.8499995
1769838081.439,0x79e0d0ef5c1f118cc24db129ae4db36fd244b531bb9553c62b6db5c97981a691,0.459,BEAR,0.00,0.20917600000000003,0.8091760000000001
1769838083.441,0x79e0d0ef5c1f118cc24db129ae4db36fd244b531bb9553c62b6db5c97981a691,0.500,BULL,0.00,0.14999950000000006,0.7499994999999999
1769838085.443,0x79e0d0ef5c1f118cc24db129ae4db36fd244b531bb9553c62b6db5c97981a691,0.500,BULL,0.00,0.24999950000000004,0.8499995
1769838087.442,0x79e0d0ef5c1f118cc24db129ae4db36fd244b531bb9553c62b6db5c97981a691,0.500,BULL,0.00,0.24999950000000004,0.8499995
1769838089.444,0x79e0d0ef5c1f118cc24db129ae4db36fd244b531bb9553c62b6db5c97981a691,0.500,BULL,0.00,0.24999950000000004,0.8499995
1769838091.447,0x79e0d0ef5c1f118cc24db129ae4db36fd244b531bb9553c62b6db5c97981a691,0.500,BULL,0.00,0.24999950000000004,0.8499995
1769838093.447,0x79e0d0ef5c1f118cc24db129ae4db36fd244b531bb9553c62b6db5c97981a691,0.500,BULL,0.00,0.24999950000000004,0.8499995
1769838095.451,0x79e0d0ef5c1f118cc24db129ae4db36fd244b531bb9553c62b6db5c97981a691,0.500,BULL,0.00,0.24999950000000004,0.8499995
1769838097.455,0x79e0d0ef5c1f118cc24db129ae4db36fd244b531bb9553c62b6db5c97981a691,0.500,BULL,0.00,0.24999950000000004,0.8499995
1769838099.453,0x79e0d0ef5c1f118cc24db129ae4db36fd244b531bb9553c62b6db5c97981a691,0.500,BULL,0.00,0.24999950000000004,0.8499995
1769838101.453,0x79e0d0ef5c1f118cc24db129ae4db36fd244b531bb9553c62b6db5c97981a691,0.520,BULL,0.00,0.27012099999999994,0.8701209999999999
1769838103.454,0x79e0d0ef5c1f118cc24db129ae4db36fd244b531bb9553c62b6db5c97981a691,0.500,BULL,0.00,0.24999949999999999,0.8499995
1769838105.455,0x79e0d0ef5c1f118cc24db129ae4db36fd244b531bb9553c62b6db5c97981a691,0.500,BULL,0.00,0.24999949999999999,0.8499995
1769838107.458,0x79e0d0ef5c1f118cc24db129ae4db36fd244b531bb9553c62b6db5c97981a691,0.500,BULL,0.00,0.24999949999999999,0.8499995
1769838109.459,0x79e0d0ef5c1f118cc24db129ae4db36fd244b531bb9553c62b6db5c97981a691,0.500,BULL,0.00,0.24999949999999999,0.8499995
1769838111.460,0x79e0d0ef5c1f118cc24db129ae4db36fd244b531bb9553c62b6db5c97981a691,0.512,BULL,0.00,0.2620985,0.8620985000000001
1769838113.461,0x79e0d0ef5c1f118cc24db129ae4db36fd244b531bb9553c62b6db5c97981a691,0.500,BEAR,0.00,0.24999949999999999,0.8499995
1769838115.465,0x79e0d0ef5c1f118cc24db129ae4db36fd244b531bb9553c62b6db5c97981a691,0.500,BEAR,0.00,0.1499995,0.7499994999999999
1769838117.721,0x79e0d0ef5c1f118cc24db129ae4db36fd244b531bb9553c62b6db5c97981a691,0.500,BEAR,0.00,0.1499995,0.7499994999999999
1769838119.719,0x79e0d0ef5c1f118cc24db129ae4db36fd244b531bb9553c62b6db5c97981a691,0.500,BEAR,0.00,0.1499995,0.7499994999999999
1769838121.721,0x79e0d0ef5c1f118cc24db129ae4db36fd244b531bb9553c62b6db5c97981a691,0.500,BEAR,0.00,0.1499995,0.7499994999999999
1769838123.722,0x79e0d0ef5c1f118cc24db129ae4db36fd244b531bb9553c62b6db5c97981a691,0.500,BEAR,0.00,0.1499995,0.7499994999999999
1769838125.724,0x79e0d0ef5c1f118cc24db129ae4db36fd244b531bb9553c62b6db5c97981a691,0.500,BEAR,0.00,0.1499995,0.7499994999999999
1769838127.729,0x79e0d0ef5c1f118cc24db129ae4db36fd244b531bb9553c62b6db5c97981a691,0.500,BEAR,0.00,0.1499995,0.7499994999999999
1769838129.724,0x79e0d0ef5c1f118cc24db129ae4db36fd244b531bb9553c62b6db5c97981a691,0.500,BEAR,0.00,0.1499995,0.7499994999999999
1769838131.725,0x79e0d0ef5c1f118cc24db129ae4db36fd244b531bb9553c62b6db5c97981a691,0.500,BULL,0.00,0.1499995,0.7499994999999999
1769838133.729,0x79e0d0ef5c1f118cc24db129ae4db36fd244b531bb9553c62b6db5c97981a691,0.500,BULL,0.00,0.24999949999999999,0.8499995
1769838135.726,0x79e0d0ef5c1f118cc24db129ae4db36fd244b531bb9553c62b6db5c97981a691,0.500,BULL,0.00,0.24999949999999999,0.8499995
1769838137.929,0x79e0d0ef5c1f118cc24db129ae4db36fd244b531bb9553c62b6db5c97981a691,0.500,BULL,0.00,0.24999949999999999,0.8499995
1769838139.869,0x79e0d0ef5c1f118cc24db129ae4db36fd244b531bb9553c62b6db5c97981a691,0.500,BULL,0.00,0.24999949999999999,0.8499995
1769838141.909,0x79e0d0ef5c1f118cc24db129ae4db36fd244b531bb9553c62b6db5c97981a691,0.528,BULL,0.00,0.27790650000000006,0.8779065000000001
1769838143.738,0x79e0d0ef5c1f118cc24db129ae4db36fd244b531bb9553c62b6db5c97981a691,0.500,BEAR,0.00,0.24999950000000004,0.8499995
1769838145.734,0x79e0d0ef5c1f118cc24db129ae4db36fd244b531bb9553c62b6db5c97981a691,0.500,BEAR,0.00,0.14999950000000006,0.7499994999999999
1769838147.734,0x79e0d0ef5c1f118cc24db129ae4db36fd244b531bb9553c62b6db5c97981a691,0.500,BEAR,0.00,0.14999950000000006,0.7499994999999999
1769838149.737,0x79e0d0ef5c1f118cc24db129ae4db36fd244b531bb9553c62b6db5c97981a691,0.500,BEAR,0.00,0.14999950000000006,0.7499994999999999
1769838151.741,0x79e0d0ef5c1f118cc24db129ae4db36fd244b531bb9553c62b6db5c97981a691,0.500,BEAR,0.00,0.14999950000000006,0.7499994999999999
1769838153.740,0x79e0d0ef5c1f118cc24db129ae4db36fd244b531bb9553c62b6db5c97981a691,0.500,BEAR,0.00,0.14999950000000006,0.7499994999999999
1769838155.745,0x79e0d0ef5c1f118cc24db129ae4db36fd244b531bb9553c62b6db5c97981a691,0.500,BEAR,0.00,0.14999950000000006,0.7499994999999999
1769838157.746,0x79e0d0ef5c1f118cc24db129ae4db36fd244b531bb9553c62b6db5c97981a691,0.500,BEAR,0.00,0.14999950000000006,0.7499994999999999
1769838159.750,0x79e0d0ef5c1f118cc24db129ae4db36fd244b531bb9553c62b6db5c97981a691,0.500,BEAR,0.00,0.14999950000000006,0.7499994999999999
1769838161.746,0x79e0d0ef5c1f118cc24db129ae4db36fd244b531bb9553c62b6db5c97981a691,0.733,BULL,0.00,0.3825535000000001,0.9825535000000001
1769838163.748,0x79e0d0ef5c1f118cc24db129ae4db36fd244b531bb9553c62b6db5c97981a691,0.500,BEAR,0.00,0.24999950000000004,0.8499995
1769838165.751,0x79e0d0ef5c1f118cc24db129ae4db36fd244b531bb9553c62b6db5c97981a691,0.500,BEAR,0.00,0.14999950000000006,0.7499994999999999
1769838167.753,0x79e0d0ef5c1f118cc24db129ae4db36fd244b531bb9553c62b6db5c97981a691,0.500,BEAR,0.00,0.14999950000000006,0.7499994999999999
1769838169.751,0x79e0d0ef5c1f118cc24db129ae4db36fd244b531bb9553c62b6db5c97981a691,0.500,BEAR,0.00,0.14999950000000006,0.7499994999999999
1769838171.756,0x79e0d0ef5c1f118cc24db129ae4db36fd244b531bb9553c62b6db5c97981a691,0.500,BEAR,0.00,0.14999950000000006,0.7499994999999999
1769838173.862,0x79e0d0ef5c1f118cc24db129ae4db36fd244b531bb9553c62b6db5c97981a691,0.500,BEAR,0.00,0.14999950000000006,0.7499994999999999
1769838175.867,0x79e0d0ef5c1f118cc24db129ae4db36fd244b531bb9553c62b6db5c97981a691,0.500,BEAR,0.00,0.14999950000000006,0.7499994999999999
1769838177.971,0x79e0d0ef5c1f118cc24db129ae4db36fd244b531bb9553c62b6db5c97981a691,0.500,BEAR,0.00,0.14999950000000006,0.7499994999999999
1769838179.934,0x79e0d0ef5c1f118cc24db129ae4db36fd244b531bb9553c62b6db5c97981a691,0.500,BEAR,0.00,0.14999950000000006,0.7499994999999999
1769838181.769,0x79e0d0ef5c1f118cc24db129ae4db36fd244b531bb9553c62b6db5c97981a691,0.500,BEAR,0.00,0.14999950000000006,0.7499994999999999
1769838183.772,0x79e0d0ef5c1f118cc24db129ae4db36fd244b531bb9553c62b6db5c97981a691,0.500,BEAR,0.00,0.14999950000000006,0.7499994999999999
1769838185.766,0x79e0d0ef5c1f118cc24db129ae4db36fd244b531bb9553c62b6db5c97981a691,0.500,BEAR,0.00,0.14999950000000006,0.7499994999999999
1769838187.769,0x79e0d0ef5c1f118cc24db129ae4db36fd244b531bb9553c62b6db5c97981a691,0.500,BEAR,0.00,0.14999950000000006,0.7499994999999999
1769838189.769,0x79e0d0ef5c1f118cc24db129ae4db36fd244b531bb9553c62b6db5c97981a691,0.500,BEAR,0.00,0.14999950000000006,0.7499994999999999
1769838191.770,0x79e0d0ef5c1f118cc24db129ae4db36fd244b531bb9553c62b6db5c97981a691,0.514,BULL,0.00,0.16356800000000005,0.763568
1769838193.771,0x79e0d0ef5c1f118cc24db129ae4db36fd244b531bb9553c62b6db5c97981a691,0.500,BEAR,0.00,0.24999949999999999,0.8499995
1769838195.776,0x79e0d0ef5c1f118cc24db129ae4db36fd244b531bb9553c62b6db5c97981a691,0.500,BEAR,0.00,0.1499995,0.7499994999999999
1769838197.774,0x79e0d0ef5c1f118cc24db129ae4db36fd244b531bb9553c62b6db5c97981a691,0.500,BEAR,0.00,0.1499995,0.7499994999999999
1769838199.775,0x79e0d0ef5c1f118cc24db129ae4db36fd244b531bb9553c62b6db5c97981a691,0.500,BEAR,0.00,0.1499995,0.7499994999999999
1769838201.777,0x79e0d0ef5c1f118cc24db129ae4db36fd244b531bb9553c62b6db5c97981a691,0.500,BEAR,0.00,0.1499995,0.7499994999999999
1769838203.780,0x79e0d0ef5c1f118cc24db129ae4db36fd244b531bb9553c62b6db5c97981a691,0.500,BEAR,0.00,0.1499995,0.7499994999999999
1769838205.784,0x79e0d0ef5c1f118cc24db129ae4db36fd244b531bb9553c62b6db5c97981a691,0.500,BEAR,0.00,0.1499995,0.7499994999999999
1769838207.786,0x79e0d0ef5c1f118cc24db129ae4db36fd244b531bb9553c62b6db5c97981a691,0.500,BEAR,0.00,0.1499995,0.7499994999999999
1769838209.787,0x79e0d0ef5c1f118cc24db129ae4db36fd244b531bb9553c62b6db5c97981a691,0.500,BEAR,0.00,0.1499995,0.7499994999999999
1769838211.879,0x79e0d0ef5c1f118cc24db129ae4db36fd244b531bb9553c62b6db5c97981a691,0.500,BEAR,0.00,0.1499995,0.7499994999999999
1769838214.131,0x79e0d0ef5c1f118cc24db129ae4db36fd244b531bb9553c62b6db5c97981a691,0.500,BEAR,0.00,0.1499995,0.7499994999999999
1769838215.846,0x79e0d0ef5c1f118cc24db129ae4db36fd244b531bb9553c62b6db5c97981a691,0.500,BEAR,0.00,0.1499995,0.7499994999999999
1769838217.796,0x79e0d0ef5c1f118cc24db129ae4db36fd244b531bb9553c62b6db5c97981a691,0.500,BEAR,0.00,0.1499995,0.7499994999999999
1769838219.795,0x79e0d0ef5c1f118cc24db129ae4db36fd244b531bb9553c62b6db5c97981a691,0.500,BEAR,0.00,0.1499995,0.7499994999999999
1769838221.802,0x79e0d0ef5c1f118cc24db129ae4db36fd244b531bb9553c62b6db5c97981a691,0.500,BEAR,0.00,0.1499995,0.7499994999999999
1769838223.799,0x79e0d0ef5c1f118cc24db129ae4db36fd244b531bb9553c62b6db5c97981a691,0.500,BEAR,0.00,0.1499995,0.7499994999999999
1769838225.801,0x79e0d0ef5c1f118cc24db129ae4db36fd244b531bb9553c62b6db5c97981a691,0.500,BEAR,0.00,0.1499995,0.7499994999999999
1769838227.812,0x79e0d0ef5c1f118cc24db129ae4db36fd244b531bb9553c62b6db5c97981a691,0.500,BEAR,0.00,0.1499995,0.7499994999999999
1769838229.803,0x79e0d0ef5c1f118cc24db129ae4db36fd244b531bb9553c62b6db5c97981a691,0.500,BEAR,0.00,0.1499995,0.7499994999999999
1769838231.806,0x79e0d0ef5c1f118cc24db129ae4db36fd244b531bb9553c62b6db5c97981a691,0.500,BEAR,0.00,0.1499995,0.7499994999999999
1769838233.808,0x79e0d0ef5c1f118cc24db129ae4db36fd244b531bb9553c62b6db5c97981a691,0.500,BEAR,0.00,0.1499995,0.7499994999999999
1769838235.808,0x79e0d0ef5c1f118cc24db129ae4db36fd244b531bb9553c62b6db5c97981a691,0.500,BEAR,0.00,0.1499995,0.7499994999999999
1769838237.824,0x79e0d0ef5c1f118cc24db129ae4db36fd244b531bb9553c62b6db5c97981a691,0.500,BEAR,0.00,0.1499995,0.7499994999999999
1769838239.813,0x79e0d0ef5c1f118cc24db129ae4db36fd244b531bb9553c62b6db5c97981a691,0.500,BEAR,0.00,0.1499995,0.7499994999999999
1769838241.812,0x79e0d0ef5c1f118cc24db129ae4db36fd244b531bb9553c62b6db5c97981a691,0.703,BULL,0.00,0.353387,0.953387
1769838243.817,0x79e0d0ef5c1f118cc24db129ae4db36fd244b531bb9553c62b6db5c97981a691,0.500,BEAR,0.00,0.24999950000000004,0.8499995
1769838245.817,0x79e0d0ef5c1f118cc24db129ae4db36fd244b531bb9553c62b6db5c97981a691,0.500,BEAR,0.00,0.14999950000000006,0.7499994999999999
1769838247.883,0x79e0d0ef5c1f118cc24db129ae4db36fd244b531bb9553c62b6db5c97981a691,0.500,BEAR,0.00,0.14999950000000006,0.7499994999999999
1769838249.899,0x79e0d0ef5c1f118cc24db129ae4db36fd244b531bb9553c62b6db5c97981a691,0.500,BEAR,0.00,0.14999950000000006,0.7499994999999999
1769838251.989,0x79e0d0ef5c1f118cc24db129ae4db36fd244b531bb9553c62b6db5c97981a691,0.500,BEAR,0.00,0.14999950000000006,0.7499994999999999
1769838253.953,0x79e0d0ef5c1f118cc24db129ae4db36fd244b531bb9553c62b6db5c97981a691,0.500,BEAR,0.00,0.14999950000000006,0.7499994999999999
1769838255.823,0x79e0d0ef5c1f118cc24db129ae4db36fd244b531bb9553c62b6db5c97981a691,0.500,BEAR,0.00,0.14999950000000006,0.7499994999999999
1769838257.826,0x79e0d0ef5c1f118cc24db129ae4db36fd244b531bb9553c62b6db5c97981a691,0.500,BEAR,0.00,0.14999950000000006,0.7499994999999999
1769838259.848,0x79e0d0ef5c1f118cc24db129ae4db36fd244b531bb9553c62b6db5c97981a691,0.500,BEAR,0.00,0.14999950000000006,0.7499994999999999
1769838261.826,0x79e0d0ef5c1f118cc24db129ae4db36fd244b531bb9553c62b6db5c97981a691,0.628,BULL,0.00,0.27777300000000005,0.8777729999999999
1769838263.828,0x79e0d0ef5c1f118cc24db129ae4db36fd244b531bb9553c62b6db5c97981a691,0.500,BEAR,0.00,0.24999950000000004,0.8499995
1769838265.829,0x79e0d0ef5c1f118cc24db129ae4db36fd244b531bb9553c62b6db5c97981a691,0.500,BEAR,0.00,0.14999950000000006,0.7499994999999999
1769838267.832,0x79e0d0ef5c1f118cc24db129ae4db36fd244b531bb9553c62b6db5c97981a691,0.500,BEAR,0.00,0.14999950000000006,0.7499994999999999
1769838269.831,0x79e0d0ef5c1f118cc24db129ae4db36fd244b531bb9553c62b6db5c97981a691,0.500,BEAR,0.00,0.14999950000000006,0.7499994999999999
1769838271.830,0x79e0d0ef5c1f118cc24db129ae4db36fd244b531bb9553c62b6db5c97981a691,0.575,BULL,0.00,,
1769838273.830,0x79e0d0ef5c1f118cc24db129ae4db36fd244b531bb9553c62b6db5c97981a691,0.500,BEAR,0.00,,
1769838275.832,0x79e0d0ef5c1f118cc24db129ae4db36fd244b531bb9553c62b6db5c97981a691,0.500,BEAR,0.00,,
1769838277.834,0x79e0d0ef5c1f118cc24db129ae4db36fd244b531bb9553c62b6db5c97981a691,0.500,BEAR,0.00,,
1769838279.834,0x79e0d0ef5c1f118cc24db129ae4db36fd244b531bb9553c62b6db5c97981a691,0.500,BEAR,0.00,,
1769838281.836,0x79e0d0ef5c1f118cc24db129ae4db36fd244b531bb9553c62b6db5c97981a691,0.500,BEAR,0.00,,
1769838283.838,0x79e0d0ef5c1f118cc24db129ae4db36fd244b531bb9553c62b6db5c97981a691,0.500,BEAR,0.00,,
1769838285.994,0x79e0d0ef5c1f118cc24db129ae4db36fd244b531bb9553c62b6db5c97981a691,0.500,BEAR,0.00,,
1769838287.935,0x79e0d0ef5c1f118cc24db129ae4db36fd244b531bb9553c62b6db5c97981a691,0.500,BEAR,0.00,,
1769838289.953,0x79e0d0ef5c1f118cc24db129ae4db36fd244b531bb9553c62b6db5c97981a691,0.500,BEAR,0.00,,
1769838291.843,0x79e0d0ef5c1f118cc24db129ae4db36fd244b531bb9553c62b6db5c97981a691,0.500,BEAR,0.00,,
1769838293.847,0x79e0d0ef5c1f118cc24db129ae4db36fd244b531bb9553c62b6db5c97981a691,0.500,BEAR,0.00,,
1769838295.843,0x79e0d0ef5c1f118cc24db129ae4db36fd244b531bb9553c62b6db5c97981a691,0.500,BEAR,0.00,,
1769838297.845,0x79e0d0ef5c1f118cc24db129ae4db36fd244b531bb9553c62b6db5c97981a691,0.500,BEAR,0.00,,
1769838299.846,0x79e0d0ef5c1f118cc24db129ae4db36fd244b531bb9553c62b6db5c97981a691,0.500,BEAR,0.00,,
1769838301.847,0x79e0d0ef5c1f118cc24db129ae4db36fd244b531bb9553c62b6db5c97981a691,0.500,BEAR,0.00,,
1769838303.852,0x79e0d0ef5c1f118cc24db129ae4db36fd244b531bb9553c62b6db5c97981a691,0.575,BULL,0.00,,
1769838307.541,0x55a0bddcfae17b0a6954119e35cf2a2212688018b37d0e99cc4939e46a3ad008,?,NEUT,0.00,,
1769838309.545,0x55a0bddcfae17b0a6954119e35cf2a2212688018b37d0e99cc4939e46a3ad008,?,NEUT,0.00,,
1769838311.553,0x55a0bddcfae17b0a6954119e35cf2a2212688018b37d0e99cc4939e46a3ad008,?,NEUT,0.00,,
1769838313.550,0x55a0bddcfae17b0a6954119e35cf2a2212688018b37d0e99cc4939e46a3ad008,?,NEUT,0.00,,
1769838315.551,0x55a0bddcfae17b0a6954119e35cf2a2212688018b37d0e99cc4939e46a3ad008,?,NEUT,0.00,,
1769838317.553,0x55a0bddcfae17b0a6954119e35cf2a2212688018b37d0e99cc4939e46a3ad008,?,NEUT,0.00,,
1769838319.557,0x55a0bddcfae17b0a6954119e35cf2a2212688018b37d0e99cc4939e46a3ad008,?,NEUT,0.00,,
1769838321.564,0x55a0bddcfae17b0a6954119e35cf2a2212688018b37d0e99cc4939e46a3ad008,?,NEUT,0.00,,
1769838323.558,0x55a0bddcfae17b0a6954119e35cf2a2212688018b37d0e99cc4939e46a3ad008,?,NEUT,0.00,,
1769838325.563,0x55a0bddcfae17b0a6954119e35cf2a2212688018b37d0e99cc4939e46a3ad008,?,NEUT,0.00,,
1769838327.566,0x55a0bddcfae17b0a6954119e35cf2a2212688018b37d0e99cc4939e46a3ad008,?,NEUT,0.00,,
1769838329.567,0x55a0bddcfae17b0a6954119e35cf2a2212688018b37d0e99cc4939e46a3ad008,?,NEUT,0.00,,
1769838331.567,0x55a0bddcfae17b0a6954119e35cf2a2212688018b37d0e99cc4939e46a3ad008,?,NEUT,0.00,,
1769838333.570,0x55a0bddcfae17b0a6954119e35cf2a2212688018b37d0e99cc4939e46a3ad008,?,NEUT,0.00,,
1769838335.571,0x55a0bddcfae17b0a6954119e35cf2a2212688018b37d0e99cc4939e46a3ad008,?,NEUT,0.00,,
1769838337.574,0x55a0bddcfae17b0a6954119e35cf2a2212688018b37d0e99cc4939e46a3ad008,?,NEUT,0.00,,
1769838339.574,0x55a0bddcfae17b0a6954119e35cf2a2212688018b37d0e99cc4939e46a3ad008,?,NEUT,0.00,,
1769838341.579,0x55a0bddcfae17b0a6954119e35cf2a2212688018b37d0e99cc4939e46a3ad008,?,NEUT,0.00,,
1769838343.579,0x55a0bddcfae17b0a6954119e35cf2a2212688018b37d0e99cc4939e46a3ad008,?,NEUT,0.00,,
1769838345.581,0x55a0bddcfae17b0a6954119e35cf2a2212688018b37d0e99cc4939e46a3ad008,?,NEUT,0.00,,
1769838347.585,0x55a0bddcfae17b0a6954119e35cf2a2212688018b37d0e99cc4939e46a3ad008,?,NEUT,0.00,,
1769838349.587,0x55a0bddcfae17b0a6954119e35cf2a2212688018b37d0e99cc4939e46a3ad008,?,NEUT,0.00,,
1769838351.592,0x55a0bddcfae17b0a6954119e35cf2a2212688018b37d0e99cc4939e46a3ad008,?,NEUT,0.00,,
1769838353.593,0x55a0bddcfae17b0a6954119e35cf2a2212688018b37d0e99cc4939e46a3ad008,?,NEUT,0.00,,
1769838355.594,0x55a0bddcfae17b0a6954119e35cf2a2212688018b37d0e99cc4939e46a3ad008,?,NEUT,0.00,,
1769838357.597,0x55a0bddcfae17b0a6954119e35cf2a2212688018b37d0e99cc4939e46a3ad008,?,NEUT,0.00,,
1769838360.330,0x55a0bddcfae17b0a6954119e35cf2a2212688018b37d0e99cc4939e46a3ad008,?,NEUT,0.00,,
1769838362.334,0x55a0bddcfae17b0a6954119e35cf2a2212688018b37d0e99cc4939e46a3ad008,?,NEUT,0.00,,
1769838364.336,0x55a0bddcfae17b0a6954119e35cf2a2212688018b37d0e99cc4939e46a3ad008,?,NEUT,0.00,,
1769838366.339,0x55a0bddcfae17b0a6954119e35cf2a2212688018b37d0e99cc4939e46a3ad008,?,NEUT,0.00,,
1769838368.341,0x55a0bddcfae17b0a6954119e35cf2a2212688018b37d0e99cc4939e46a3ad008,?,NEUT,0.00,,
1769838370.343,0x55a0bddcfae17b0a6954119e35cf2a2212688018b37d0e99cc4939e46a3ad008,?,NEUT,0.00,,
1769838372.346,0x55a0bddcfae17b0a6954119e35cf2a2212688018b37d0e99cc4939e46a3ad008,?,NEUT,0.00,,
1769838374.354,0x55a0bddcfae17b0a6954119e35cf2a2212688018b37d0e99cc4939e46a3ad008,?,NEUT,0.00,,
1769838376.351,0x55a0bddcfae17b0a6954119e35cf2a2212688018b37d0e99cc4939e46a3ad008,?,NEUT,0.00,,
1769838378.352,0x55a0bddcfae17b0a6954119e35cf2a2212688018b37d0e99cc4939e46a3ad008,?,NEUT,0.00,,
1769838380.352,0x55a0bddcfae17b0a6954119e35cf2a2212688018b37d0e99cc4939e46a3ad008,?,NEUT,0.00,,
1769838382.355,0x55a0bddcfae17b0a6954119e35cf2a2212688018b37d0e99cc4939e46a3ad008,?,NEUT,0.00,,
1769838384.355,0x55a0bddcfae17b0a6954119e35cf2a2212688018b37d0e99cc4939e46a3ad008,?,NEUT,0.00,,
1769838386.357,0x55a0bddcfae17b0a6954119e35cf2a2212688018b37d0e99cc4939e46a3ad008,?,NEUT,0.00,,
1769838388.382,0x55a0bddcfae17b0a6954119e35cf2a2212688018b37d0e99cc4939e46a3ad008,?,NEUT,0.00,,
1769838391.050,0x55a0bddcfae17b0a6954119e35cf2a2212688018b37d0e99cc4939e46a3ad008,?,NEUT,0.00,,
1769838393.050,0x55a0bddcfae17b0a6954119e35cf2a2212688018b37d0e99cc4939e46a3ad008,?,NEUT,0.00,,
1769838395.052,0x55a0bddcfae17b0a6954119e35cf2a2212688018b37d0e99cc4939e46a3ad008,?,NEUT,0.00,,
1769838397.058,0x55a0bddcfae17b0a6954119e35cf2a2212688018b37d0e99cc4939e46a3ad008,?,NEUT,0.00,,
1769838399.058,0x55a0bddcfae17b0a6954119e35cf2a2212688018b37d0e99cc4939e46a3ad008,?,NEUT,0.00,,
1769838404.174,0x55a0bddcfae17b0a6954119e35cf2a2212688018b37d0e99cc4939e46a3ad008,?,NEUT,0.00,,
1769838406.177,0x55a0bddcfae17b0a6954119e35cf2a2212688018b37d0e99cc4939e46a3ad008,?,NEUT,0.00,,
1769838408.180,0x55a0bddcfae17b0a6954119e35cf2a2212688018b37d0e99cc4939e46a3ad008,0.500,NEUT,0.00,0.19999950000000005,0.7999995
1769838410.182,0x55a0bddcfae17b0a6954119e35cf2a2212688018b37d0e99cc4939e46a3ad008,0.500,NEUT,0.00,0.19999950000000005,0.7999995
1769838412.182,0x55a0bddcfae17b0a6954119e35cf2a2212688018b37d0e99cc4939e46a3ad008,0.500,NEUT,0.00,0.19999950000000005,0.7999995
1769838414.180,0x55a0bddcfae17b0a6954119e35cf2a2212688018b37d0e99cc4939e46a3ad008,0.500,NEUT,0.00,0.1999995,0.7999995
1769838416.183,0x55a0bddcfae17b0a6954119e35cf2a2212688018b37d0e99cc4939e46a3ad008,0.500,NEUT,0.00,0.1999995,0.7999995
1769838418.200,0x55a0bddcfae17b0a6954119e35cf2a2212688018b37d0e99cc4939e46a3ad008,0.500,NEUT,0.00,0.1999995,0.7999995
1769838420.191,0x55a0bddcfae17b0a6954119e35cf2a2212688018b37d0e99cc4939e46a3ad008,0.500,NEUT,0.00,0.1999995,0.7999995
1769838422.189,0x55a0bddcfae17b0a6954119e35cf2a2212688018b37d0e99cc4939e46a3ad008,0.500,NEUT,0.00,0.1999995,0.7999995
1769838424.197,0x55a0bddcfae17b0a6954119e35cf2a2212688018b37d0e99cc4939e46a3ad008,0.500,NEUT,0.00,0.1999995,0.7999995
1769838426.197,0x55a0bddcfae17b0a6954119e35cf2a2212688018b37d0e99cc4939e46a3ad008,0.500,BEAR,0.00,0.1999995,0.7999995
1769838428.194,0x55a0bddcfae17b0a6954119e35cf2a2212688018b37d0e99cc4939e46a3ad008,0.500,NEUT,0.00,0.1499995,0.7499994999999999
1769838430.196,0x55a0bddcfae17b0a6954119e35cf2a2212688018b37d0e99cc4939e46a3ad008,0.500,NEUT,0.00,0.1999995,0.7999995
1769838432.204,0x55a0bddcfae17b0a6954119e35cf2a2212688018b37d0e99cc4939e46a3ad008,0.500,BEAR,0.00,0.1999995,0.7999995
1769838434.201,0x55a0bddcfae17b0a6954119e35cf2a2212688018b37d0e99cc4939e46a3ad008,0.500,NEUT,0.00,0.1499995,0.7499994999999999
1769838436.202,0x55a0bddcfae17b0a6954119e35cf2a2212688018b37d0e99cc4939e46a3ad008,0.500,BEAR,0.00,0.1999995,0.7999995
1769838438.201,0x55a0bddcfae17b0a6954119e35cf2a2212688018b37d0e99cc4939e46a3ad008,0.500,NEUT,0.00,0.1499995,0.7499994999999999
1769838440.202,0x55a0bddcfae17b0a6954119e35cf2a2212688018b37d0e99cc4939e46a3ad008,0.500,NEUT,0.00,0.1999995,0.7999995
1769838442.205,0x55a0bddcfae17b0a6954119e35cf2a2212688018b37d0e99cc4939e46a3ad008,0.500,NEUT,0.00,0.1999995,0.7999995
1769838444.205,0x55a0bddcfae17b0a6954119e35cf2a2212688018b37d0e99cc4939e46a3ad008,0.500,BULL,0.00,0.1999995,0.7999995
1769838446.208,0x55a0bddcfae17b0a6954119e35cf2a2212688018b37d0e99cc4939e46a3ad008,0.500,BEAR,0.00,0.24999949999999999,0.8499995
1769838499.138,0x55a0bddcfae17b0a6954119e35cf2a2212688018b37d0e99cc4939e46a3ad008,?,NEUT,0.00,,
1769838501.140,0x55a0bddcfae17b0a6954119e35cf2a2212688018b37d0e99cc4939e46a3ad008,?,NEUT,0.00,,
1769838503.141,0x55a0bddcfae17b0a6954119e35cf2a2212688018b37d0e99cc4939e46a3ad008,0.500,NEUT,0.00,0.39999950000000006,0.5999995
1769838505.142,0x55a0bddcfae17b0a6954119e35cf2a2212688018b37d0e99cc4939e46a3ad008,0.500,NEUT,0.00,0.39999950000000006,0.5999995
1769838507.146,0x55a0bddcfae17b0a6954119e35cf2a2212688018b37d0e99cc4939e46a3ad008,0.500,NEUT,0.00,0.39999950000000006,0.5999995
1769838509.145,0x55a0bddcfae17b0a6954119e35cf2a2212688018b37d0e99cc4939e46a3ad008,0.500,NEUT,0.00,0.39999950000000006,0.5999995
1769838511.147,0x55a0bddcfae17b0a6954119e35cf2a2212688018b37d0e99cc4939e46a3ad008,0.500,NEUT,0.00,0.39999950000000006,0.5999995
1769838513.145,0x55a0bddcfae17b0a6954119e35cf2a2212688018b37d0e99cc4939e46a3ad008,0.500,NEUT,0.00,0.39999950000000006,0.5999995
1769838515.155,0x55a0bddcfae17b0a6954119e35cf2a2212688018b37d0e99cc4939e46a3ad008,0.500,NEUT,0.00,0.39999950000000006,0.5999995
1769838517.151,0x55a0bddcfae17b0a6954119e35cf2a2212688018b37d0e99cc4939e46a3ad008,0.500,NEUT,0.00,0.39999950000000006,0.5999995
1769838519.151,0x55a0bddcfae17b0a6954119e35cf2a2212688018b37d0e99cc4939e46a3ad008,0.500,NEUT,0.00,0.39999950000000006,0.5999995
1769838521.153,0x55a0bddcfae17b0a6954119e35cf2a2212688018b37d0e99cc4939e46a3ad008,0.500,NEUT,0.00,0.39999950000000006,0.5999995
1769838523.155,0x55a0bddcfae17b0a6954119e35cf2a2212688018b37d0e99cc4939e46a3ad008,0.500,NEUT,0.00,0.39999950000000006,0.5999995
1769838525.155,0x55a0bddcfae17b0a6954119e35cf2a2212688018b37d0e99cc4939e46a3ad008,0.500,BEAR,0.00,0.39999950000000006,0.5999995
1769838527.156,0x55a0bddcfae17b0a6954119e35cf2a2212688018b37d0e99cc4939e46a3ad008,0.500,NEUT,0.00,0.3499995000000001,0.5499995
1769838529.159,0x55a0bddcfae17b0a6954119e35cf2a2212688018b37d0e99cc4939e46a3ad008,0.500,NEUT,0.00,0.39999950000000006,0.5999995
1769838531.160,0x55a0bddcfae17b0a6954119e35cf2a2212688018b37d0e99cc4939e46a3ad008,0.500,NEUT,0.00,0.39999950000000006,0.5999995
1769838533.158,0x55a0bddcfae17b0a6954119e35cf2a2212688018b37d0e99cc4939e46a3ad008,0.500,BEAR,0.00,0.39999949999999995,0.5999995
1769838535.159,0x55a0bddcfae17b0a6954119e35cf2a2212688018b37d0e99cc4939e46a3ad008,0.500,NEUT,0.00,0.34999949999999996,0.5499995
1769838537.162,0x55a0bddcfae17b0a6954119e35cf2a2212688018b37d0e99cc4939e46a3ad008,0.500,BEAR,0.00,0.39999949999999995,0.5999995
1769838539.164,0x55a0bddcfae17b0a6954119e35cf2a2212688018b37d0e99cc4939e46a3ad008,0.500,BEAR,0.00,0.34999949999999996,0.5499995
1769838541.163,0x55a0bddcfae17b0a6954119e35cf2a2212688018b37d0e99cc4939e46a3ad008,0.500,BEAR,1.00,0.3498994999999999,0.5498995
1769838543.208,0x55a0bddcfae17b0a6954119e35cf2a2212688018b37d0e99cc4939e46a3ad008,0.500,NEUT,1.00,0.3498994999999999,0.5498995
1769838545.168,0x55a0bddcfae17b0a6954119e35cf2a2212688018b37d0e99cc4939e46a3ad008,0.500,BEAR,1.00,0.39989949999999996,0.5998995
1769838547.174,0x55a0bddcfae17b0a6954119e35cf2a2212688018b37d0e99cc4939e46a3ad008,0.500,BEAR,2.00,0.34979949999999993,0.5497995
1769838549.219,0x55a0bddcfae17b0a6954119e35cf2a2212688018b37d0e99cc4939e46a3ad008,0.500,NEUT,2.00,0.34979949999999993,0.5497995
1769838551.179,0x55a0bddcfae17b0a6954119e35cf2a2212688018b37d0e99cc4939e46a3ad008,0.500,NEUT,2.00,0.3997995,0.5997995
1769838553.176,0x55a0bddcfae17b0a6954119e35cf2a2212688018b37d0e99cc4939e46a3ad008,0.500,BEAR,3.00,0.39969949999999993,0.5996995
1769838555.180,0x55a0bddcfae17b0a6954119e35cf2a2212688018b37d0e99cc4939e46a3ad008,0.500,NEUT,3.00,0.34969949999999994,0.5496995
1769838557.178,0x55a0bddcfae17b0a6954119e35cf2a2212688018b37d0e99cc4939e46a3ad008,0.500,NEUT,3.00,0.39969949999999993,0.5996995
1769838559.177,0x55a0bddcfae17b0a6954119e35cf2a2212688018b37d0e99cc4939e46a3ad008,0.500,BEAR,3.00,0.39969949999999993,0.5996995
1769838561.179,0x55a0bddcfae17b0a6954119e35cf2a2212688018b37d0e99cc4939e46a3ad008,0.500,BEAR,4.00,0.34959949999999995,0.5495995
1769838563.185,0x55a0bddcfae17b0a6954119e35cf2a2212688018b37d0e99cc4939e46a3ad008,0.500,BEAR,4.00,0.34959949999999995,0.5495995
1769838565.184,0x55a0bddcfae17b0a6954119e35cf2a2212688018b37d0e99cc4939e46a3ad008,0.500,BEAR,5.00,0.34949949999999996,0.5494995
1769838567.183,0x55a0bddcfae17b0a6954119e35cf2a2212688018b37d0e99cc4939e46a3ad008,0.500,BEAR,5.00,0.34949949999999996,0.5494995
1769838569.182,0x55a0bddcfae17b0a6954119e35cf2a2212688018b37d0e99cc4939e46a3ad008,0.500,BEAR,5.00,0.34949949999999996,0.5494995
1769838571.186,0x55a0bddcfae17b0a6954119e35cf2a2212688018b37d0e99cc4939e46a3ad008,0.500,BEAR,5.00,0.34949949999999996,0.5494995
1769838573.188,0x55a0bddcfae17b0a6954119e35cf2a2212688018b37d0e99cc4939e46a3ad008,0.500,BEAR,5.00,0.34949949999999996,0.5494995
1769838575.188,0x55a0bddcfae17b0a6954119e35cf2a2212688018b37d0e99cc4939e46a3ad008,0.500,BEAR,5.00,0.34949949999999996,0.5494995
1769838577.190,0x55a0bddcfae17b0a6954119e35cf2a2212688018b37d0e99cc4939e46a3ad008,0.500,BEAR,5.00,0.34949949999999996,0.5494995
1769838579.192,0x55a0bddcfae17b0a6954119e35cf2a2212688018b37d0e99cc4939e46a3ad008,0.500,BEAR,5.00,0.34949949999999996,0.5494995
1769838581.194,0x55a0bddcfae17b0a6954119e35cf2a2212688018b37d0e99cc4939e46a3ad008,0.500,BEAR,5.00,0.34949949999999996,0.5494995
1769838583.195,0x55a0bddcfae17b0a6954119e35cf2a2212688018b37d0e99cc4939e46a3ad008,0.500,BEAR,5.00,0.34949949999999996,0.5494995
1769838585.196,0x55a0bddcfae17b0a6954119e35cf2a2212688018b37d0e99cc4939e46a3ad008,0.500,BEAR,5.00,0.34949949999999996,0.5494995
1769838587.196,0x55a0bddcfae17b0a6954119e35cf2a2212688018b37d0e99cc4939e46a3ad008,0.500,NEUT,5.00,0.34949949999999996,0.5494995
1769838589.198,0x55a0bddcfae17b0a6954119e35cf2a2212688018b37d0e99cc4939e46a3ad008,0.500,NEUT,5.00,0.39949949999999995,0.5994995000000001
1769838591.199,0x55a0bddcfae17b0a6954119e35cf2a2212688018b37d0e99cc4939e46a3ad008,0.500,NEUT,5.00,0.39949949999999995,0.5994995000000001
1769838593.200,0x55a0bddcfae17b0a6954119e35cf2a2212688018b37d0e99cc4939e46a3ad008,0.500,NEUT,5.00,0.39949949999999995,0.5994995000000001
1769838595.202,0x55a0bddcfae17b0a6954119e35cf2a2212688018b37d0e99cc4939e46a3ad008,0.500,NEUT,5.00,0.39949949999999995,0.5994995000000001
1769838597.205,0x55a0bddcfae17b0a6954119e35cf2a2212688018b37d0e99cc4939e46a3ad008,0.500,NEUT,5.00,0.39949949999999995,0.5994995000000001
1769838599.205,0x55a0bddcfae17b0a6954119e35cf2a2212688018b37d0e99cc4939e46a3ad008,0.500,NEUT,6.00,0.39939949999999996,0.5993995
1769838601.206,0x55a0bddcfae17b0a6954119e35cf2a2212688018b37d0e99cc4939e46a3ad008,0.500,NEUT,6.00,0.39939949999999996,0.5993995
1769838603.208,0x55a0bddcfae17b0a6954119e35cf2a2212688018b37d0e99cc4939e46a3ad008,0.500,NEUT,6.00,0.39939949999999996,0.5993995
1769838605.209,0x55a0bddcfae17b0a6954119e35cf2a2212688018b37d0e99cc4939e46a3ad008,0.500,NEUT,6.00,0.39939949999999996,0.5993995
1769838607.210,0x55a0bddcfae17b0a6954119e35cf2a2212688018b37d0e99cc4939e46a3ad008,0.500,NEUT,6.00,0.39939949999999996,0.5993995
1769838609.384,0x55a0bddcfae17b0a6954119e35cf2a2212688018b37d0e99cc4939e46a3ad008,0.500,NEUT,6.00,0.39939949999999996,0.5993995
1769838611.287,0x55a0bddcfae17b0a6954119e35cf2a2212688018b37d0e99cc4939e46a3ad008,0.500,NEUT,6.00,0.39939949999999996,0.5993995
1769838613.346,0x55a0bddcfae17b0a6954119e35cf2a2212688018b37d0e99cc4939e46a3ad008,0.500,NEUT,6.00,0.39939949999999996,0.5993995
1769838616.243,0x55a0bddcfae17b0a6954119e35cf2a2212688018b37d0e99cc4939e46a3ad008,0.500,NEUT,6.00,0.39939949999999996,0.5993995
1769838617.231,0x55a0bddcfae17b0a6954119e35cf2a2212688018b37d0e99cc4939e46a3ad008,0.500,NEUT,6.00,0.39939949999999996,0.5993995
1769838619.226,0x55a0bddcfae17b0a6954119e35cf2a2212688018b37d0e99cc4939e46a3ad008,0.500,NEUT,6.00,0.39939949999999996,0.5993995
1769838621.222,0x55a0bddcfae17b0a6954119e35cf2a2212688018b37d0e99cc4939e46a3ad008,0.500,NEUT,6.00,0.39939949999999996,0.5993995
1769838623.223,0x55a0bddcfae17b0a6954119e35cf2a2212688018b37d0e99cc4939e46a3ad008,0.500,NEUT,6.00,0.39939949999999996,0.5993995
1769838625.224,0x55a0bddcfae17b0a6954119e35cf2a2212688018b37d0e99cc4939e46a3ad008,0.500,NEUT,6.00,0.39939949999999996,0.5993995
1769838627.230,0x55a0bddcfae17b0a6954119e35cf2a2212688018b37d0e99cc4939e46a3ad008,0.500,NEUT,6.00,0.39939949999999996,0.5993995
1769838629.230,0x55a0bddcfae17b0a6954119e35cf2a2212688018b37d0e99cc4939e46a3ad008,0.500,NEUT,6.00,0.39939949999999996,0.5993995
1769838631.231,0x55a0bddcfae17b0a6954119e35cf2a2212688018b37d0e99cc4939e46a3ad008,0.500,NEUT,6.00,0.39939949999999996,0.5993995
1769838633.233,0x55a0bddcfae17b0a6954119e35cf2a2212688018b37d0e99cc4939e46a3ad008,0.500,NEUT,6.00,0.39939949999999996,0.5993995
1769838635.237,0x55a0bddcfae17b0a6954119e35cf2a2212688018b37d0e99cc4939e46a3ad008,0.500,NEUT,6.00,0.39939949999999996,0.5993995
1769838637.237,0x55a0bddcfae17b0a6954119e35cf2a2212688018b37d0e99cc4939e46a3ad008,0.500,NEUT,6.00,0.39939949999999996,0.5993995
1769838639.244,0x55a0bddcfae17b0a6954119e35cf2a2212688018b37d0e99cc4939e46a3ad008,0.500,NEUT,6.00,0.39939949999999996,0.5993995
1769838641.240,0x55a0bddcfae17b0a6954119e35cf2a2212688018b37d0e99cc4939e46a3ad008,0.500,NEUT,6.00,0.39939949999999996,0.5993995
1769838643.243,0x55a0bddcfae17b0a6954119e35cf2a2212688018b37d0e99cc4939e46a3ad008,0.500,NEUT,6.00,0.39939949999999996,0.5993995
1769838645.246,0x55a0bddcfae17b0a6954119e35cf2a2212688018b37d0e99cc4939e46a3ad008,0.500,NEUT,7.00,0.3992995,0.5992995
1769838647.421,0x55a0bddcfae17b0a6954119e35cf2a2212688018b37d0e99cc4939e46a3ad008,0.500,NEUT,7.00,0.3992995,0.5992995
1769838649.367,0x55a0bddcfae17b0a6954119e35cf2a2212688018b37d0e99cc4939e46a3ad008,0.500,NEUT,7.00,0.3992995,0.5992995
1769838651.378,0x55a0bddcfae17b0a6954119e35cf2a2212688018b37d0e99cc4939e46a3ad008,0.500,NEUT,7.00,0.3992995,0.5992995
1769838653.251,0x55a0bddcfae17b0a6954119e35cf2a2212688018b37d0e99cc4939e46a3ad008,0.500,NEUT,7.00,0.3992995,0.5992995
1769838655.253,0x55a0bddcfae17b0a6954119e35cf2a2212688018b37d0e99cc4939e46a3ad008,0.500,NEUT,7.00,0.3992995,0.5992995
1769838657.254,0x55a0bddcfae17b0a6954119e35cf2a2212688018b37d0e99cc4939e46a3ad008,0.500,NEUT,7.00,0.3992995,0.5992995
1769838659.254,0x55a0bddcfae17b0a6954119e35cf2a2212688018b37d0e99cc4939e46a3ad008,0.500,NEUT,7.00,0.3992995,0.5992995
1769838661.256,0x55a0bddcfae17b0a6954119e35cf2a2212688018b37d0e99cc4939e46a3ad008,0.500,NEUT,7.00,0.3992995,0.5992995
1769838663.256,0x55a0bddcfae17b0a6954119e35cf2a2212688018b37d0e99cc4939e46a3ad008,0.500,NEUT,7.00,0.3992995,0.5992995
1769838665.259,0x55a0bddcfae17b0a6954119e35cf2a2212688018b37d0e99cc4939e46a3ad008,0.500,NEUT,7.00,0.3992995,0.5992995
1769838667.259,0x55a0bddcfae17b0a6954119e35cf2a2212688018b37d0e99cc4939e46a3ad008,0.500,NEUT,7.00,0.3992995,0.5992995
1769838669.261,0x55a0bddcfae17b0a6954119e35cf2a2212688018b37d0e99cc4939e46a3ad008,0.500,NEUT,7.00,0.3992995,0.5992995
1769838671.261,0x55a0bddcfae17b0a6954119e35cf2a2212688018b37d0e99cc4939e46a3ad008,0.500,NEUT,7.00,0.3992995,0.5992995
1769838673.262,0x55a0bddcfae17b0a6954119e35cf2a2212688018b37d0e99cc4939e46a3ad008,0.500,NEUT,7.00,0.3992995,0.5992995
1769838675.263,0x55a0bddcfae17b0a6954119e35cf2a2212688018b37d0e99cc4939e46a3ad008,0.500,NEUT,7.00,0.3992995,0.5992995
1769838677.263,0x55a0bddcfae17b0a6954119e35cf2a2212688018b37d0e99cc4939e46a3ad008,0.500,NEUT,7.00,0.3992995,0.5992995
1769838679.265,0x55a0bddcfae17b0a6954119e35cf2a2212688018b37d0e99cc4939e46a3ad008,0.500,NEUT,7.00,0.3992995,0.5992995
1769838681.265,0x55a0bddcfae17b0a6954119e35cf2a2212688018b37d0e99cc4939e46a3ad008,0.507,BULL,7.00,0.40621599999999997,0.6062159999999999
1769838683.379,0x55a0bddcfae17b0a6954119e35cf2a2212688018b37d0e99cc4939e46a3ad008,0.500,BEAR,7.00,0.44929949999999996,0.6492995
1769838685.449,0x55a0bddcfae17b0a6954119e35cf2a2212688018b37d0e99cc4939e46a3ad008,0.500,BEAR,7.00,0.34929949999999993,0.5492995
1769838687.488,0x55a0bddcfae17b0a6954119e35cf2a2212688018b37d0e99cc4939e46a3ad008,0.500,BEAR,7.00,0.34929949999999993,0.5492995
1769838689.399,0x55a0bddcfae17b0a6954119e35cf2a2212688018b37d0e99cc4939e46a3ad008,0.500,BEAR,8.00,0.34919949999999994,0.5491995000000001
1769838691.400,0x55a0bddcfae17b0a6954119e35cf2a2212688018b37d0e99cc4939e46a3ad008,0.518,BULL,8.00,0.3674595,0.5674595
1769838693.401,0x55a0bddcfae17b0a6954119e35cf2a2212688018b37d0e99cc4939e46a3ad008,0.500,BEAR,8.00,0.4491995,0.6491995
1769838695.404,0x55a0bddcfae17b0a6954119e35cf2a2212688018b37d0e99cc4939e46a3ad008,0.500,BEAR,8.00,0.34919949999999994,0.5491995000000001
1769838697.405,0x55a0bddcfae17b0a6954119e35cf2a2212688018b37d0e99cc4939e46a3ad008,0.500,BEAR,8.00,0.34919949999999994,0.5491995000000001
1769838699.407,0x55a0bddcfae17b0a6954119e35cf2a2212688018b37d0e99cc4939e46a3ad008,0.500,BEAR,8.00,0.34919949999999994,0.5491995000000001
1769838701.408,0x55a0bddcfae17b0a6954119e35cf2a2212688018b37d0e99cc4939e46a3ad008,0.500,BEAR,8.00,0.34919949999999994,0.5491995000000001
1769838703.408,0x55a0bddcfae17b0a6954119e35cf2a2212688018b37d0e99cc4939e46a3ad008,0.500,BEAR,9.00,0.34909949999999995,0.5490995000000001
1769838705.409,0x55a0bddcfae17b0a6954119e35cf2a2212688018b37d0e99cc4939e46a3ad008,0.500,BEAR,9.00,0.34909949999999995,0.5490995000000001
1769838707.411,0x55a0bddcfae17b0a6954119e35cf2a2212688018b37d0e99cc4939e46a3ad008,0.500,BEAR,9.00,0.34909949999999995,0.5490995000000001
1769838709.414,0x55a0bddcfae17b0a6954119e35cf2a2212688018b37d0e99cc4939e46a3ad008,0.500,BEAR,9.00,0.34909949999999995,0.5490995000000001
1769838711.415,0x55a0bddcfae17b0a6954119e35cf2a2212688018b37d0e99cc4939e46a3ad008,0.500,BEAR,9.00,0.34909949999999995,0.5490995000000001
1769838713.416,0x55a0bddcfae17b0a6954119e35cf2a2212688018b37d0e99cc4939e46a3ad008,0.500,BEAR,9.00,0.34909949999999995,0.5490995000000001
1769838715.418,0x55a0bddcfae17b0a6954119e35cf2a2212688018b37d0e99cc4939e46a3ad008,0.500,BEAR,9.00,0.34909949999999995,0.5490995000000001
1769838717.421,0x55a0bddcfae17b0a6954119e35cf2a2212688018b37d0e99cc4939e46a3ad008,0.500,BEAR,9.00,0.34909949999999995,0.5490995000000001
1769838719.524,0x55a0bddcfae17b0a6954119e35cf2a2212688018b37d0e99cc4939e46a3ad008,0.500,BEAR,9.00,0.34909949999999995,0.5490995000000001
1769838721.541,0x55a0bddcfae17b0a6954119e35cf2a2212688018b37d0e99cc4939e46a3ad008,0.500,BEAR,9.00,0.34909949999999995,0.5490995000000001
1769838723.632,0x55a0bddcfae17b0a6954119e35cf2a2212688018b37d0e99cc4939e46a3ad008,0.500,BEAR,9.00,0.34909949999999995,0.5490995000000001
1769838725.594,0x55a0bddcfae17b0a6954119e35cf2a2212688018b37d0e99cc4939e46a3ad008,0.500,BEAR,9.00,0.34909949999999995,0.5490995000000001
1769838727.427,0x55a0bddcfae17b0a6954119e35cf2a2212688018b37d0e99cc4939e46a3ad008,0.500,BEAR,9.00,0.34909949999999995,0.5490995000000001
1769838729.429,0x55a0bddcfae17b0a6954119e35cf2a2212688018b37d0e99cc4939e46a3ad008,0.500,BEAR,9.00,0.34909949999999995,0.5490995000000001
1769838731.429,0x55a0bddcfae17b0a6954119e35cf2a2212688018b37d0e99cc4939e46a3ad008,0.489,BEAR,9.00,0.33857200000000004,0.538572
1769838733.432,0x55a0bddcfae17b0a6954119e35cf2a2212688018b37d0e99cc4939e46a3ad008,0.500,BEAR,9.00,0.34909950000000006,0.5490995000000001
1769838735.436,0x55a0bddcfae17b0a6954119e35cf2a2212688018b37d0e99cc4939e46a3ad008,0.500,BEAR,9.00,0.34909950000000006,0.5490995000000001
1769838737.433,0x55a0bddcfae17b0a6954119e35cf2a2212688018b37d0e99cc4939e46a3ad008,0.500,BEAR,9.00,0.34909950000000006,0.5490995000000001
1769838739.434,0x55a0bddcfae17b0a6954119e35cf2a2212688018b37d0e99cc4939e46a3ad008,0.500,BEAR,9.00,0.34909950000000006,0.5490995000000001
1769838741.437,0x55a0bddcfae17b0a6954119e35cf2a2212688018b37d0e99cc4939e46a3ad008,0.500,BEAR,9.00,0.34909950000000006,0.5490995000000001
1769838743.440,0x55a0bddcfae17b0a6954119e35cf2a2212688018b37d0e99cc4939e46a3ad008,0.500,BEAR,9.00,0.34909950000000006,0.5490995000000001
1769838745.439,0x55a0bddcfae17b0a6954119e35cf2a2212688018b37d0e99cc4939e46a3ad008,0.500,BEAR,9.00,0.34909950000000006,0.5490995000000001
1769838747.442,0x55a0bddcfae17b0a6954119e35cf2a2212688018b37d0e99cc4939e46a3ad008,0.500,BEAR,9.00,0.34909950000000006,0.5490995000000001
1769838749.447,0x55a0bddcfae17b0a6954119e35cf2a2212688018b37d0e99cc4939e46a3ad008,0.500,BEAR,9.00,0.34909950000000006,0.5490995000000001
1769838751.445,0x55a0bddcfae17b0a6954119e35cf2a2212688018b37d0e99cc4939e46a3ad008,0.511,BULL,9.00,0.359627,0.5596269999999999
1769838753.445,0x55a0bddcfae17b0a6954119e35cf2a2212688018b37d0e99cc4939e46a3ad008,0.498,BEAR,9.00,0.4469155,0.6469155000000001
1769838755.451,0x55a0bddcfae17b0a6954119e35cf2a2212688018b37d0e99cc4939e46a3ad008,0.498,BEAR,9.00,0.3469155,0.5469155000000001
1769838757.627,0x55a0bddcfae17b0a6954119e35cf2a2212688018b37d0e99cc4939e46a3ad008,0.498,BEAR,9.00,0.3469155,0.5469155000000001
1769838759.571,0x55a0bddcfae17b0a6954119e35cf2a2212688018b37d0e99cc4939e46a3ad008,0.498,BEAR,9.00,0.3469155,0.5469155000000001
1769838761.733,0x55a0bddcfae17b0a6954119e35cf2a2212688018b37d0e99cc4939e46a3ad008,0.498,BEAR,10.00,0.3468155,0.5468155
1769838763.455,0x55a0bddcfae17b0a6954119e35cf2a2212688018b37d0e99cc4939e46a3ad008,0.498,BEAR,10.00,0.3468155,0.5468155
1769838765.455,0x55a0bddcfae17b0a6954119e35cf2a2212688018b37d0e99cc4939e46a3ad008,0.498,BEAR,10.00,0.3468155,0.5468155
1769838767.455,0x55a0bddcfae17b0a6954119e35cf2a2212688018b37d0e99cc4939e46a3ad008,0.498,BEAR,10.00,0.3468155,0.5468155
1769838769.457,0x55a0bddcfae17b0a6954119e35cf2a2212688018b37d0e99cc4939e46a3ad008,0.498,BEAR,10.00,0.3468155,0.5468155
1769838771.458,0x55a0bddcfae17b0a6954119e35cf2a2212688018b37d0e99cc4939e46a3ad008,0.498,BEAR,10.00,0.3468155,0.5468155
1769838773.462,0x55a0bddcfae17b0a6954119e35cf2a2212688018b37d0e99cc4939e46a3ad008,0.498,BEAR,10.00,0.3468155,0.5468155
1769838775.462,0x55a0bddcfae17b0a6954119e35cf2a2212688018b37d0e99cc4939e46a3ad008,0.498,BEAR,10.00,0.3468155,0.5468155
1769838777.461,0x55a0bddcfae17b0a6954119e35cf2a2212688018b37d0e99cc4939e46a3ad008,0.498,BEAR,10.00,0.3468155,0.5468155
1769838779.464,0x55a0bddcfae17b0a6954119e35cf2a2212688018b37d0e99cc4939e46a3ad008,0.498,BEAR,10.00,0.3468155,0.5468155
1769838781.468,0x55a0bddcfae17b0a6954119e35cf2a2212688018b37d0e99cc4939e46a3ad008,0.498,BEAR,10.00,0.3468155,0.5468155
1769838783.561,0x55a0bddcfae17b0a6954119e35cf2a2212688018b37d0e99cc4939e46a3ad008,0.498,BEAR,10.00,0.3468155,0.5468155
1769838785.469,0x55a0bddcfae17b0a6954119e35cf2a2212688018b37d0e99cc4939e46a3ad008,0.498,BEAR,10.00,0.3468155,0.5468155
1769838787.471,0x55a0bddcfae17b0a6954119e35cf2a2212688018b37d0e99cc4939e46a3ad008,0.498,BEAR,10.00,0.3468155,0.5468155
1769838789.472,0x55a0bddcfae17b0a6954119e35cf2a2212688018b37d0e99cc4939e46a3ad008,0.498,BEAR,10.00,0.3468155,0.5468155
1769838791.476,0x55a0bddcfae17b0a6954119e35cf2a2212688018b37d0e99cc4939e46a3ad008,0.498,BEAR,10.00,0.3468155,0.5468155
1769838793.585,0x55a0bddcfae17b0a6954119e35cf2a2212688018b37d0e99cc4939e46a3ad008,0.498,BEAR,10.00,0.3468155,0.5468155
1769838795.660,0x55a0bddcfae17b0a6954119e35cf2a2212688018b37d0e99cc4939e46a3ad008,0.498,BEAR,10.00,0.3468155,0.5468155
1769838797.551,0x55a0bddcfae17b0a6954119e35cf2a2212688018b37d0e99cc4939e46a3ad008,0.498,BEAR,10.00,0.3468155,0.5468155
1769838799.482,0x55a0bddcfae17b0a6954119e35cf2a2212688018b37d0e99cc4939e46a3ad008,0.498,BEAR,10.00,0.3468155,0.5468155
1769838801.483,0x55a0bddcfae17b0a6954119e35cf2a2212688018b37d0e99cc4939e46a3ad008,0.498,BEAR,10.00,0.3468155,0.5468155
1769838803.485,0x55a0bddcfae17b0a6954119e35cf2a2212688018b37d0e99cc4939e46a3ad008,0.498,BEAR,10.00,,
1769838805.488,0x55a0bddcfae17b0a6954119e35cf2a2212688018b37d0e99cc4939e46a3ad008,0.498,BEAR,10.00,,
1769838807.491,0x55a0bddcfae17b0a6954119e35cf2a2212688018b37d0e99cc4939e46a3ad008,0.498,BEAR,10.00,,
1769838809.493,0x55a0bddcfae17b0a6954119e35cf2a2212688018b37d0e99cc4939e46a3ad008,0.498,BEAR,10.00,,
1769838811.495,0x55a0bddcfae17b0a6954119e35cf2a2212688018b37d0e99cc4939e46a3ad008,0.498,NEUT,10.00,,
1769838813.496,0x55a0bddcfae17b0a6954119e35cf2a2212688018b37d0e99cc4939e46a3ad008,0.498,NEUT,10.00,,
1769838815.498,0x55a0bddcfae17b0a6954119e35cf2a2212688018b37d0e99cc4939e46a3ad008,0.498,NEUT,10.00,,
1769838817.498,0x55a0bddcfae17b0a6954119e35cf2a2212688018b37d0e99cc4939e46a3ad008,0.498,NEUT,10.00,,
1769838819.503,0x55a0bddcfae17b0a6954119e35cf2a2212688018b37d0e99cc4939e46a3ad008,0.498,NEUT,10.00,,
1769838821.503,0x55a0bddcfae17b0a6954119e35cf2a2212688018b37d0e99cc4939e46a3ad008,0.498,NEUT,10.00,,
1769838823.505,0x55a0bddcfae17b0a6954119e35cf2a2212688018b37d0e99cc4939e46a3ad008,0.498,NEUT,10.00,,
1769838825.506,0x55a0bddcfae17b0a6954119e35cf2a2212688018b37d0e99cc4939e46a3ad008,0.498,NEUT,10.00,,
1769838827.507,0x55a0bddcfae17b0a6954119e35cf2a2212688018b37d0e99cc4939e46a3ad008,0.498,NEUT,10.00,,
1769838829.585,0x55a0bddcfae17b0a6954119e35cf2a2212688018b37d0e99cc4939e46a3ad008,0.498,NEUT,10.00,,
1769838831.588,0x55a0bddcfae17b0a6954119e35cf2a2212688018b37d0e99cc4939e46a3ad008,0.498,NEUT,10.00,,
1769838833.692,0x55a0bddcfae17b0a6954119e35cf2a2212688018b37d0e99cc4939e46a3ad008,0.498,NEUT,10.00,,
1769838835.657,0x55a0bddcfae17b0a6954119e35cf2a2212688018b37d0e99cc4939e46a3ad008,0.498,NEUT,10.00,,
1769838837.515,0x55a0bddcfae17b0a6954119e35cf2a2212688018b37d0e99cc4939e46a3ad008,0.498,NEUT,10.00,,
1769838839.518,0x55a0bddcfae17b0a6954119e35cf2a2212688018b37d0e99cc4939e46a3ad008,0.498,NEUT,10.00,,
1769838841.520,0x55a0bddcfae17b0a6954119e35cf2a2212688018b37d0e99cc4939e46a3ad008,0.498,NEUT,10.00,,
1769838843.521,0x55a0bddcfae17b0a6954119e35cf2a2212688018b37d0e99cc4939e46a3ad008,0.498,NEUT,10.00,,
1769838845.525,0x55a0bddcfae17b0a6954119e35cf2a2212688018b37d0e99cc4939e46a3ad008,0.498,NEUT,10.00,,
1769838847.528,0x55a0bddcfae17b0a6954119e35cf2a2212688018b37d0e99cc4939e46a3ad008,0.498,NEUT,10.00,,
1769838849.527,0x55a0bddcfae17b0a6954119e35cf2a2212688018b37d0e99cc4939e46a3ad008,0.498,NEUT,10.00,,
1769838851.530,0x55a0bddcfae17b0a6954119e35cf2a2212688018b37d0e99cc4939e46a3ad008,0.498,NEUT,10.00,,
1769838853.537,0x55a0bddcfae17b0a6954119e35cf2a2212688018b37d0e99cc4939e46a3ad008,0.498,NEUT,10.00,,
1769838855.534,0x55a0bddcfae17b0a6954119e35cf2a2212688018b37d0e99cc4939e46a3ad008,0.498,NEUT,10.00,,
1769838857.540,0x55a0bddcfae17b0a6954119e35cf2a2212688018b37d0e99cc4939e46a3ad008,0.498,NEUT,10.00,,
1769838859.536,0x55a0bddcfae17b0a6954119e35cf2a2212688018b37d0e99cc4939e46a3ad008,0.498,NEUT,10.00,,
1769838861.539,0x55a0bddcfae17b0a6954119e35cf2a2212688018b37d0e99cc4939e46a3ad008,0.498,NEUT,10.00,,
1769838863.539,0x55a0bddcfae17b0a6954119e35cf2a2212688018b37d0e99cc4939e46a3ad008,0.498,NEUT,10.00,,
1769838865.542,0x55a0bddcfae17b0a6954119e35cf2a2212688018b37d0e99cc4939e46a3ad008,0.498,NEUT,10.00,,
1769838867.683,0x55a0bddcfae17b0a6954119e35cf2a2212688018b37d0e99cc4939e46a3ad008,0.498,NEUT,10.00,,
1769838869.625,0x55a0bddcfae17b0a6954119e35cf2a2212688018b37d0e99cc4939e46a3ad008,0.498,NEUT,10.00,,
1769838871.652,0x55a0bddcfae17b0a6954119e35cf2a2212688018b37d0e99cc4939e46a3ad008,0.498,NEUT,10.00,,
1769838873.558,0x55a0bddcfae17b0a6954119e35cf2a2212688018b37d0e99cc4939e46a3ad008,0.498,NEUT,10.00,,
1769838875.555,0x55a0bddcfae17b0a6954119e35cf2a2212688018b37d0e99cc4939e46a3ad008,0.498,NEUT,10.00,,
1769838877.556,0x55a0bddcfae17b0a6954119e35cf2a2212688018b37d0e99cc4939e46a3ad008,0.498,NEUT,10.00,0.3968155,0.5968155
1769838879.561,0x55a0bddcfae17b0a6954119e35cf2a2212688018b37d0e99cc4939e46a3ad008,0.498,NEUT,10.00,0.3968155,0.5968155
1769838881.557,0x55a0bddcfae17b0a6954119e35cf2a2212688018b37d0e99cc4939e46a3ad008,0.518,BULL,10.00,0.416547,0.616547
1769838883.558,0x55a0bddcfae17b0a6954119e35cf2a2212688018b37d0e99cc4939e46a3ad008,0.500,BULL,10.00,0.44899949999999994,0.6489995000000001
1769838885.560,0x55a0bddcfae17b0a6954119e35cf2a2212688018b37d0e99cc4939e46a3ad008,0.500,BULL,10.00,0.44899949999999994,0.6489995000000001
1769838887.564,0x55a0bddcfae17b0a6954119e35cf2a2212688018b37d0e99cc4939e46a3ad008,0.500,BULL,10.00,0.44899949999999994,0.6489995000000001
1769838889.563,0x55a0bddcfae17b0a6954119e35cf2a2212688018b37d0e99cc4939e46a3ad008,0.500,BULL,10.00,0.44899949999999994,0.6489995000000001
1769838891.563,0x55a0bddcfae17b0a6954119e35cf2a2212688018b37d0e99cc4939e46a3ad008,0.500,BULL,11.00,0.44889949999999995,0.6488995000000001
1769838893.566,0x55a0bddcfae17b0a6954119e35cf2a2212688018b37d0e99cc4939e46a3ad008,0.500,BULL,11.00,0.44889949999999995,0.6488995000000001
1769838895.567,0x55a0bddcfae17b0a6954119e35cf2a2212688018b37d0e99cc4939e46a3ad008,0.500,BULL,11.00,0.44889949999999995,0.6488995000000001
1769838897.570,0x55a0bddcfae17b0a6954119e35cf2a2212688018b37d0e99cc4939e46a3ad008,0.500,BULL,11.00,0.44889949999999995,0.6488995000000001
1769838899.571,0x55a0bddcfae17b0a6954119e35cf2a2212688018b37d0e99cc4939e46a3ad008,0.500,BULL,11.00,0.44889949999999995,0.6488995000000001
1769838901.574,0x55a0bddcfae17b0a6954119e35cf2a2212688018b37d0e99cc4939e46a3ad008,0.500,BULL,11.00,0.44779949999999996,0.6477995
1769838903.655,0x55a0bddcfae17b0a6954119e35cf2a2212688018b37d0e99cc4939e46a3ad008,0.500,BULL,11.00,0.44779949999999996,0.6477995
1769838905.714,0x55a0bddcfae17b0a6954119e35cf2a2212688018b37d0e99cc4939e46a3ad008,0.500,BULL,11.00,0.44779949999999996,0.6477995
1769838907.765,0x55a0bddcfae17b0a6954119e35cf2a2212688018b37d0e99cc4939e46a3ad008,0.500,BULL,11.00,0.44779949999999996,0.6477995
1769838909.581,0x55a0bddcfae17b0a6954119e35cf2a2212688018b37d0e99cc4939e46a3ad008,0.500,BULL,12.00,0.44759949999999993,0.6475995
1769838911.581,0x55a0bddcfae17b0a6954119e35cf2a2212688018b37d0e99cc4939e46a3ad008,0.529,BULL,12.00,0.476402,0.676402
1769838913.580,0x55a0bddcfae17b0a6954119e35cf2a2212688018b37d0e99cc4939e46a3ad008,0.500,BEAR,12.00,0.44759950000000004,0.6475995
1769838915.580,0x55a0bddcfae17b0a6954119e35cf2a2212688018b37d0e99cc4939e46a3ad008,0.500,BEAR,12.00,0.34759950000000006,0.5475995
1769838917.584,0x55a0bddcfae17b0a6954119e35cf2a2212688018b37d0e99cc4939e46a3ad008,0.500,BEAR,12.00,0.34759950000000006,0.5475995
1769838919.596,0x55a0bddcfae17b0a6954119e35cf2a2212688018b37d0e99cc4939e46a3ad008,0.500,BEAR,12.00,0.34759950000000006,0.5475995
1769838921.594,0x55a0bddcfae17b0a6954119e35cf2a2212688018b37d0e99cc4939e46a3ad008,0.500,BEAR,12.00,0.34759950000000006,0.5475995
1769838923.589,0x55a0bddcfae17b0a6954119e35cf2a2212688018b37d0e99cc4939e46a3ad008,0.500,BEAR,12.00,0.34759950000000006,0.5475995
1769838925.592,0x55a0bddcfae17b0a6954119e35cf2a2212688018b37d0e99cc4939e46a3ad008,0.500,BEAR,12.00,0.34759950000000006,0.5475995
1769838927.596,0x55a0bddcfae17b0a6954119e35cf2a2212688018b37d0e99cc4939e46a3ad008,0.500,BEAR,12.00,0.34759950000000006,0.5475995
1769838929.596,0x55a0bddcfae17b0a6954119e35cf2a2212688018b37d0e99cc4939e46a3ad008,0.500,BEAR,12.00,0.34759950000000006,0.5475995
1769838931.598,0x55a0bddcfae17b0a6954119e35cf2a2212688018b37d0e99cc4939e46a3ad008,0.500,BEAR,12.00,0.34759950000000006,0.5475995
1769838933.600,0x55a0bddcfae17b0a6954119e35cf2a2212688018b37d0e99cc4939e46a3ad008,0.500,BEAR,12.00,0.34759950000000006,0.5475995
1769838935.603,0x55a0bddcfae17b0a6954119e35cf2a2212688018b37d0e99cc4939e46a3ad008,0.500,BEAR,12.00,0.34759950000000006,0.5475995
1769838937.603,0x55a0bddcfae17b0a6954119e35cf2a2212688018b37d0e99cc4939e46a3ad008,0.500,BEAR,12.00,0.34759950000000006,0.5475995
1769838939.804,0x55a0bddcfae17b0a6954119e35cf2a2212688018b37d0e99cc4939e46a3ad008,0.500,BEAR,12.00,0.34759950000000006,0.5475995
1769838941.806,0x55a0bddcfae17b0a6954119e35cf2a2212688018b37d0e99cc4939e46a3ad008,0.500,BEAR,12.00,0.34759950000000006,0.5475995
1769838943.747,0x55a0bddcfae17b0a6954119e35cf2a2212688018b37d0e99cc4939e46a3ad008,0.500,BEAR,12.00,0.34759950000000006,0.5475995
1769838945.722,0x55a0bddcfae17b0a6954119e35cf2a2212688018b37d0e99cc4939e46a3ad008,0.500,BEAR,12.00,0.34759950000000006,0.5475995
1769838947.615,0x55a0bddcfae17b0a6954119e35cf2a2212688018b37d0e99cc4939e46a3ad008,0.500,BEAR,12.00,0.34759950000000006,0.5475995
1769838949.615,0x55a0bddcfae17b0a6954119e35cf2a2212688018b37d0e99cc4939e46a3ad008,0.500,BEAR,12.00,0.34759950000000006,0.5475995
1769838951.617,0x55a0bddcfae17b0a6954119e35cf2a2212688018b37d0e99cc4939e46a3ad008,0.500,BEAR,12.00,0.34759950000000006,0.5475995
1769838953.621,0x55a0bddcfae17b0a6954119e35cf2a2212688018b37d0e99cc4939e46a3ad008,0.500,BEAR,12.00,0.34759950000000006,0.5475995
1769838955.623,0x55a0bddcfae17b0a6954119e35cf2a2212688018b37d0e99cc4939e46a3ad008,0.500,BEAR,12.00,0.34759950000000006,0.5475995
1769838957.624,0x55a0bddcfae17b0a6954119e35cf2a2212688018b37d0e99cc4939e46a3ad008,0.500,BEAR,12.00,0.34759950000000006,0.5475995
1769838959.627,0x55a0bddcfae17b0a6954119e35cf2a2212688018b37d0e99cc4939e46a3ad008,0.500,BEAR,12.00,0.34759950000000006,0.5475995
1769838961.628,0x55a0bddcfae17b0a6954119e35cf2a2212688018b37d0e99cc4939e46a3ad008,0.500,BEAR,12.00,,
1769838963.631,0x55a0bddcfae17b0a6954119e35cf2a2212688018b37d0e99cc4939e46a3ad008,0.500,BEAR,12.00,,
1769838965.630,0x55a0bddcfae17b0a6954119e35cf2a2212688018b37d0e99cc4939e46a3ad008,0.500,BEAR,12.00,,
1769838967.635,0x55a0bddcfae17b0a6954119e35cf2a2212688018b37d0e99cc4939e46a3ad008,0.500,BEAR,12.00,,
1769838969.636,0x55a0bddcfae17b0a6954119e35cf2a2212688018b37d0e99cc4939e46a3ad008,0.500,BEAR,12.00,,
1769838971.636,0x55a0bddcfae17b0a6954119e35cf2a2212688018b37d0e99cc4939e46a3ad008,0.511,BULL,12.00,0.35813300000000003,0.558133
1769838973.637,0x55a0bddcfae17b0a6954119e35cf2a2212688018b37d0e99cc4939e46a3ad008,0.500,BEAR,12.00,0.44759950000000004,0.6475995
1769838975.639,0x55a0bddcfae17b0a6954119e35cf2a2212688018b37d0e99cc4939e46a3ad008,0.500,BEAR,12.00,0.34759950000000006,0.5475995
1769838977.734,0x55a0bddcfae17b0a6954119e35cf2a2212688018b37d0e99cc4939e46a3ad008,0.500,BEAR,12.00,0.34759950000000006,0.5475995
1769838979.837,0x55a0bddcfae17b0a6954119e35cf2a2212688018b37d0e99cc4939e46a3ad008,0.500,BEAR,12.00,0.34759950000000006,0.5475995
1769838981.715,0x55a0bddcfae17b0a6954119e35cf2a2212688018b37d0e99cc4939e46a3ad008,0.500,BEAR,12.00,0.34759950000000006,0.5475995
1769838983.648,0x55a0bddcfae17b0a6954119e35cf2a2212688018b37d0e99cc4939e46a3ad008,0.500,BEAR,12.00,0.34759950000000006,0.5475995
1769838985.645,0x55a0bddcfae17b0a6954119e35cf2a2212688018b37d0e99cc4939e46a3ad008,0.500,BEAR,12.00,0.34759950000000006,0.5475995
1769838987.648,0x55a0bddcfae17b0a6954119e35cf2a2212688018b37d0e99cc4939e46a3ad008,0.500,BEAR,12.00,0.34759950000000006,0.5475995
1769838989.651,0x55a0bddcfae17b0a6954119e35cf2a2212688018b37d0e99cc4939e46a3ad008,0.500,BEAR,12.00,0.34759950000000006,0.5475995
1769838991.652,0x55a0bddcfae17b0a6954119e35cf2a2212688018b37d0e99cc4939e46a3ad008,0.500,BEAR,12.00,0.34759950000000006,0.5475995
1769838993.654,0x55a0bddcfae17b0a6954119e35cf2a2212688018b37d0e99cc4939e46a3ad008,0.500,BEAR,12.00,0.34759950000000006,0.5475995
1769838995.654,0x55a0bddcfae17b0a6954119e35cf2a2212688018b37d0e99cc4939e46a3ad008,0.500,BEAR,12.00,0.34759950000000006,0.5475995
1769838997.657,0x55a0bddcfae17b0a6954119e35cf2a2212688018b37d0e99cc4939e46a3ad008,0.500,BEAR,12.00,0.34759950000000006,0.5475995
1769838999.660,0x55a0bddcfae17b0a6954119e35cf2a2212688018b37d0e99cc4939e46a3ad008,0.500,BEAR,12.00,0.34759950000000006,0.5475995
1769839001.660,0x55a0bddcfae17b0a6954119e35cf2a2212688018b37d0e99cc4939e46a3ad008,0.496,BEAR,12.00,0.343433,0.5434329999999999
1769839003.661,0x55a0bddcfae17b0a6954119e35cf2a2212688018b37d0e99cc4939e46a3ad008,0.500,BEAR,12.00,0.34759950000000006,0.5475995
1769839005.662,0x55a0bddcfae17b0a6954119e35cf2a2212688018b37d0e99cc4939e46a3ad008,0.500,BEAR,12.00,0.34759950000000006,0.5475995
1769839007.663,0x55a0bddcfae17b0a6954119e35cf2a2212688018b37d0e99cc4939e46a3ad008,0.500,BEAR,12.00,0.34759950000000006,0.5475995
1769839009.665,0x55a0bddcfae17b0a6954119e35cf2a2212688018b37d0e99cc4939e46a3ad008,0.500,BEAR,13.00,0.3473995000000001,0.5473995
1769839011.667,0x55a0bddcfae17b0a6954119e35cf2a2212688018b37d0e99cc4939e46a3ad008,0.500,BEAR,13.00,0.3473995000000001,0.5473995
1769839013.863,0x55a0bddcfae17b0a6954119e35cf2a2212688018b37d0e99cc4939e46a3ad008,0.500,BEAR,13.00,0.3473995000000001,0.5473995
1769839015.922,0x55a0bddcfae17b0a6954119e35cf2a2212688018b37d0e99cc4939e46a3ad008,0.500,BEAR,13.00,0.3473995000000001,0.5473995
1769839017.825,0x55a0bddcfae17b0a6954119e35cf2a2212688018b37d0e99cc4939e46a3ad008,0.500,BEAR,13.00,0.3473995000000001,0.5473995
1769839019.673,0x55a0bddcfae17b0a6954119e35cf2a2212688018b37d0e99cc4939e46a3ad008,0.500,BEAR,13.00,0.3473995000000001,0.5473995
1769839021.675,0x55a0bddcfae17b0a6954119e35cf2a2212688018b37d0e99cc4939e46a3ad008,0.500,BEAR,13.00,0.3473995000000001,0.5473995
1769839023.679,0x55a0bddcfae17b0a6954119e35cf2a2212688018b37d0e99cc4939e46a3ad008,0.500,BEAR,13.00,0.3473995000000001,0.5473995
1769839025.685,0x55a0bddcfae17b0a6954119e35cf2a2212688018b37d0e99cc4939e46a3ad008,0.500,BEAR,13.00,0.3473995000000001,0.5473995
1769839027.684,0x55a0bddcfae17b0a6954119e35cf2a2212688018b37d0e99cc4939e46a3ad008,0.500,BEAR,13.00,0.3473995000000001,0.5473995
1769839029.685,0x55a0bddcfae17b0a6954119e35cf2a2212688018b37d0e99cc4939e46a3ad008,0.500,BEAR,13.00,0.3473995000000001,0.5473995
1769839031.689,0x55a0bddcfae17b0a6954119e35cf2a2212688018b37d0e99cc4939e46a3ad008,0.500,BULL,13.00,0.3473995000000001,0.5473995
1769839033.688,0x55a0bddcfae17b0a6954119e35cf2a2212688018b37d0e99cc4939e46a3ad008,0.500,BULL,13.00,0.44739950000000006,0.6473995
1769839035.691,0x55a0bddcfae17b0a6954119e35cf2a2212688018b37d0e99cc4939e46a3ad008,0.500,BULL,13.00,0.44739950000000006,0.6473995
1769839037.690,0x55a0bddcfae17b0a6954119e35cf2a2212688018b37d0e99cc4939e46a3ad008,0.500,BULL,13.00,0.44739950000000006,0.6473995
1769839039.691,0x55a0bddcfae17b0a6954119e35cf2a2212688018b37d0e99cc4939e46a3ad008,0.500,BULL,13.00,0.44739950000000006,0.6473995
1769839041.693,0x55a0bddcfae17b0a6954119e35cf2a2212688018b37d0e99cc4939e46a3ad008,0.500,BULL,13.00,0.44739950000000006,0.6473995
1769839043.693,0x55a0bddcfae17b0a6954119e35cf2a2212688018b37d0e99cc4939e46a3ad008,0.500,BULL,13.00,0.44739950000000006,0.6473995
1769839045.696,0x55a0bddcfae17b0a6954119e35cf2a2212688018b37d0e99cc4939e46a3ad008,0.500,BULL,14.00,0.4471995000000001,0.6471995
1769839047.698,0x55a0bddcfae17b0a6954119e35cf2a2212688018b37d0e99cc4939e46a3ad008,0.500,BULL,14.00,0.4471995000000001,0.6471995
1769839049.699,0x55a0bddcfae17b0a6954119e35cf2a2212688018b37d0e99cc4939e46a3ad008,0.500,BULL,14.00,0.4471995000000001,0.6471995
1769839051.701,0x55a0bddcfae17b0a6954119e35cf2a2212688018b37d0e99cc4939e46a3ad008,0.500,BULL,14.00,0.4471995000000001,0.6471995
1769839053.705,0x55a0bddcfae17b0a6954119e35cf2a2212688018b37d0e99cc4939e46a3ad008,0.500,BULL,14.00,0.4471995000000001,0.6471995
1769839055.707,0x55a0bddcfae17b0a6954119e35cf2a2212688018b37d0e99cc4939e46a3ad008,0.500,BULL,14.00,0.4471995000000001,0.6471995
1769839057.707,0x55a0bddcfae17b0a6954119e35cf2a2212688018b37d0e99cc4939e46a3ad008,0.500,BULL,14.00,0.4471995000000001,0.6471995
1769839059.709,0x55a0bddcfae17b0a6954119e35cf2a2212688018b37d0e99cc4939e46a3ad008,0.500,BULL,14.00,0.4471995000000001,0.6471995
1769839061.709,0x55a0bddcfae17b0a6954119e35cf2a2212688018b37d0e99cc4939e46a3ad008,0.497,BEAR,14.00,0.44426600000000005,0.644266
1769839063.713,0x55a0bddcfae17b0a6954119e35cf2a2212688018b37d0e99cc4939e46a3ad008,0.500,BULL,14.00,0.34719949999999994,0.5471995000000001
1769839065.712,0x55a0bddcfae17b0a6954119e35cf2a2212688018b37d0e99cc4939e46a3ad008,0.500,BULL,14.00,0.44719949999999997,0.6471995
1769839067.714,0x55a0bddcfae17b0a6954119e35cf2a2212688018b37d0e99cc4939e46a3ad008,0.500,BULL,14.00,0.44719949999999997,0.6471995
1769839069.715,0x55a0bddcfae17b0a6954119e35cf2a2212688018b37d0e99cc4939e46a3ad008,0.500,BULL,14.00,0.44719949999999997,0.6471995
1769839071.714,0x55a0bddcfae17b0a6954119e35cf2a2212688018b37d0e99cc4939e46a3ad008,0.500,BULL,14.00,0.44719949999999997,0.6471995
1769839073.717,0x55a0bddcfae17b0a6954119e35cf2a2212688018b37d0e99cc4939e46a3ad008,0.500,BULL,14.00,0.44719949999999997,0.6471995
1769839075.720,0x55a0bddcfae17b0a6954119e35cf2a2212688018b37d0e99cc4939e46a3ad008,0.500,BULL,14.00,0.44719949999999997,0.6471995
1769839077.723,0x55a0bddcfae17b0a6954119e35cf2a2212688018b37d0e99cc4939e46a3ad008,0.500,BULL,14.00,0.44719949999999997,0.6471995
1769839079.725,0x55a0bddcfae17b0a6954119e35cf2a2212688018b37d0e99cc4939e46a3ad008,0.500,BULL,14.00,0.44719949999999997,0.6471995
1769839081.724,0x55a0bddcfae17b0a6954119e35cf2a2212688018b37d0e99cc4939e46a3ad008,0.500,BULL,14.00,,0.6429995000000001
1769839083.730,0x55a0bddcfae17b0a6954119e35cf2a2212688018b37d0e99cc4939e46a3ad008,0.500,BULL,14.00,,0.6429995000000001
1769839085.726,0x55a0bddcfae17b0a6954119e35cf2a2212688018b37d0e99cc4939e46a3ad008,0.500,BULL,14.00,,0.6429995000000001
1769839087.726,0x55a0bddcfae17b0a6954119e35cf2a2212688018b37d0e99cc4939e46a3ad008,0.500,BULL,14.00,,0.6429995000000001
1769839089.728,0x55a0bddcfae17b0a6954119e35cf2a2212688018b37d0e99cc4939e46a3ad008,0.500,BULL,15.00,,0.6424995
1769839091.760,0x55a0bddcfae17b0a6954119e35cf2a2212688018b37d0e99cc4939e46a3ad008,0.500,BULL,15.00,,0.6424995
1769839093.737,0x55a0bddcfae17b0a6954119e35cf2a2212688018b37d0e99cc4939e46a3ad008,0.500,BULL,15.00,,0.6424995
1769839095.738,0x55a0bddcfae17b0a6954119e35cf2a2212688018b37d0e99cc4939e46a3ad008,0.500,BULL,15.00,,0.6424995
1769839097.740,0x55a0bddcfae17b0a6954119e35cf2a2212688018b37d0e99cc4939e46a3ad008,0.500,BULL,15.00,,0.6424995
1769839099.752,0x55a0bddcfae17b0a6954119e35cf2a2212688018b37d0e99cc4939e46a3ad008,0.500,BULL,15.00,,0.6424995
1769839101.747,0x55a0bddcfae17b0a6954119e35cf2a2212688018b37d0e99cc4939e46a3ad008,0.500,BULL,15.00,,0.6424995
1769839103.747,0x55a0bddcfae17b0a6954119e35cf2a2212688018b37d0e99cc4939e46a3ad008,0.500,BULL,15.00,,0.6424995
1769839105.756,0x55a0bddcfae17b0a6954119e35cf2a2212688018b37d0e99cc4939e46a3ad008,0.500,BULL,15.00,,0.6424995
1769839107.763,0x55a0bddcfae17b0a6954119e35cf2a2212688018b37d0e99cc4939e46a3ad008,0.500,BULL,15.00,,0.6424995
1769839109.756,0x55a0bddcfae17b0a6954119e35cf2a2212688018b37d0e99cc4939e46a3ad008,0.500,BULL,15.00,,0.6424995
1769839111.759,0x55a0bddcfae17b0a6954119e35cf2a2212688018b37d0e99cc4939e46a3ad008,0.500,BULL,15.00,,
1769839113.763,0x55a0bddcfae17b0a6954119e35cf2a2212688018b37d0e99cc4939e46a3ad008,0.500,BULL,15.00,,
1769839115.763,0x55a0bddcfae17b0a6954119e35cf2a2212688018b37d0e99cc4939e46a3ad008,0.500,BULL,15.00,,
1769839117.765,0x55a0bddcfae17b0a6954119e35cf2a2212688018b37d0e99cc4939e46a3ad008,0.500,BULL,15.00,,
1769839119.767,0x55a0bddcfae17b0a6954119e35cf2a2212688018b37d0e99cc4939e46a3ad008,0.500,BULL,15.00,,
1769839121.768,0x55a0bddcfae17b0a6954119e35cf2a2212688018b37d0e99cc4939e46a3ad008,0.500,NEUT,15.00,,
1769839123.768,0x55a0bddcfae17b0a6954119e35cf2a2212688018b37d0e99cc4939e46a3ad008,0.500,NEUT,15.00,,
1769839125.774,0x55a0bddcfae17b0a6954119e35cf2a2212688018b37d0e99cc4939e46a3ad008,0.500,NEUT,15.00,,
1769839127.772,0x55a0bddcfae17b0a6954119e35cf2a2212688018b37d0e99cc4939e46a3ad008,0.500,NEUT,15.00,,
1769839129.778,0x55a0bddcfae17b0a6954119e35cf2a2212688018b37d0e99cc4939e46a3ad008,0.500,NEUT,15.00,,
1769839131.778,0x55a0bddcfae17b0a6954119e35cf2a2212688018b37d0e99cc4939e46a3ad008,0.500,NEUT,15.00,,
1769839133.782,0x55a0bddcfae17b0a6954119e35cf2a2212688018b37d0e99cc4939e46a3ad008,0.500,NEUT,15.00,,
1769839135.785,0x55a0bddcfae17b0a6954119e35cf2a2212688018b37d0e99cc4939e46a3ad008,0.500,NEUT,15.00,,
1769839137.786,0x55a0bddcfae17b0a6954119e35cf2a2212688018b37d0e99cc4939e46a3ad008,0.500,NEUT,15.00,,
1769839139.790,0x55a0bddcfae17b0a6954119e35cf2a2212688018b37d0e99cc4939e46a3ad008,0.500,NEUT,15.00,,
1769839141.794,0x55a0bddcfae17b0a6954119e35cf2a2212688018b37d0e99cc4939e46a3ad008,0.500,NEUT,15.00,,
1769839143.796,0x55a0bddcfae17b0a6954119e35cf2a2212688018b37d0e99cc4939e46a3ad008,0.500,NEUT,15.00,,
1769839145.797,0x55a0bddcfae17b0a6954119e35cf2a2212688018b37d0e99cc4939e46a3ad008,0.500,NEUT,15.00,,
1769839147.798,0x55a0bddcfae17b0a6954119e35cf2a2212688018b37d0e99cc4939e46a3ad008,0.500,NEUT,15.00,,
1769839149.802,0x55a0bddcfae17b0a6954119e35cf2a2212688018b37d0e99cc4939e46a3ad008,0.500,NEUT,15.00,,
1769839151.806,0x55a0bddcfae17b0a6954119e35cf2a2212688018b37d0e99cc4939e46a3ad008,0.500,NEUT,15.00,,
1769839153.807,0x55a0bddcfae17b0a6954119e35cf2a2212688018b37d0e99cc4939e46a3ad008,0.500,NEUT,15.00,,
1769839155.808,0x55a0bddcfae17b0a6954119e35cf2a2212688018b37d0e99cc4939e46a3ad008,0.500,NEUT,15.00,,
1769839157.814,0x55a0bddcfae17b0a6954119e35cf2a2212688018b37d0e99cc4939e46a3ad008,0.500,NEUT,15.00,,
1769839159.814,0x55a0bddcfae17b0a6954119e35cf2a2212688018b37d0e99cc4939e46a3ad008,0.500,NEUT,15.00,,0.5924995000000001
1769839161.812,0x55a0bddcfae17b0a6954119e35cf2a2212688018b37d0e99cc4939e46a3ad008,0.500,NEUT,15.00,,0.5924995000000001
1769839163.813,0x55a0bddcfae17b0a6954119e35cf2a2212688018b37d0e99cc4939e46a3ad008,0.500,NEUT,15.00,,0.5924995000000001
